2278 3760
417 253 651 306 .-en-

123 404 231 460 tertius
241 405 364 475 deniqne
383 405 565 461 adementeus
583 409 653 459 eret.
689 403 779 469 Quum
797 417 865 459 vero
879 419 998 473 vespere

124 490 171 545 sol
188 490 218 544 in
234 489 304 544 meri
322 505 354 544 se
369 490 488 546 lavisset
504 495 534 545 et
542 490 598 544 ism
609 489 720 544 domum
730 487 844 555 rediret,
862 487 999 543 dracones

125 579 159 628 et
183 572 303 630 venefici
328 573 463 628 malitiosi
490 589 553 628 eum
582 579 647 627 sunt
673 573 808 641 ingressi,
836 589 891 642 quo
914 572 999 640 fecto,

125 663 206 713 ortae
219 662 293 725 sunt,
307 657 456 713 obscurato
469 657 538 725 sole,
557 658 699 724 tenebrae,
717 661 750 711 ut
763 657 863 726 ingens
873 655 999 712 homines

133 741 282 798 invaderet
300 739 401 796 inetur.
439 740 489 796 Sol
511 757 580 796 vero
601 739 724 796 feliciter
740 740 828 796 subiit
845 740 1000 796 dimicatio·

126 841 205 895 nem3
226 825 306 894 etqui
317 841 414 895 pugne
433 825 483 879 ille
500 824 683 879 renovabitur
700 829 731 879 et
748 831 807 879 tum
824 825 937 894 quidem
955 842 999 880 su-

130 916 247 980 peretur
276 910 320 965 sol
345 910 520 979 mundusque
545 908 670 964 tenebris
694 925 846 978 oppressus
869 910 945 979 perit
960 910 998 978 ¹²).

129 993 272 1061 (Hennseh
291 994 361 1050 slav.
381 993 470 1065 Myth.
489 1011 517 1064 p.
537 993 609 1060 269.)
647 993 723 1060 Ergo
742 993 794 1061 sol,
818 995 866 1063 qui
890 1009 1001 1065 semper

127 1079 202 1134 bone
219 1094 347 1149 quaeque
365 1078 501 1148 praebere
520 1076 703 1146 significatur,
722 1092 739 1131 a
754 1077 998 1148 mememoratur,

129 1169 214 1232 atque
239 1162 312 1218 hune
336 1163 364 1216 in
387 1161 499 1216 modum
516 1160 612 1215 mnndi
629 1161 746 1216 exitium
765 1161 901 1231 eifieitur,
924 1163 1000 1218 simi·

130 1247 196 1302 liter
218 1252 252 1302 ut
275 1248 304 1302 in
328 1247 527 1302 Germanorum
550 1244 654 1302 fabulis
676 1245 720 1300 sol
743 1246 880 1316 pristinus
898 1262 916 1300 s
933 1247 1000 1317 lupo

129 1332 291 1387 devoratur.
328 1331 446 1386 Meliore
463 1336 557 1385 antem
574 1328 694 1399 posthae
712 1335 839 1400 tempora
857 1330 954 1385 future
971 1336 1001 1385 et

129 1414 225 1470 orbem
261 1420 396 1470 terrarum
431 1415 533 1470 iterum
562 1413 685 1482 restitui,
725 1414 807 1470 nobis
842 1414 1002 1470 declaretur

130 1498 273 1564 (Hanuseh
291 1517 319 1569 p.
338 1499 410 1568 371.)
427 1497 482 1554 hoe
499 1497 701 1553 Lithuanornm
718 1497 854 1553 camnine:

198 1599 258 1654 Der
275 1599 471 1669 Morgenstern
489 1598 596 1670 beging
614 1601 692 1656 seine
710 1599 859 1668 Hoehzeit‚

199 1685 280 1741 Doeh
298 1685 411 1741 Perkun
429 1687 518 1754 dreng
536 1683 609 1740 vor's
628 1685 704 1740 'Phor

199 1769 263 1825 Und
281 1770 512 1826 nersehmetterte
531 1767 578 1822 die
597 1766 694 1835 Eiche,

199 1853 268 1908 Blut
285 1855 375 1924 dreng
392 1870 442 1909 eus
461 1854 512 1908 der
530 1850 617 1907 Eiehe

199 1937 263 1992 Und
280 1938 355 1992 mein
372 1937 460 1992 Kleid
476 1937 554 1993 blieb
570 1935 695 1992 befleekt

200 2021 264 2076 Und
281 2021 356 2076 mein
372 2021 467 2092 Krnnz
485 2019 634 2076 verletzet.
655 2049 688 2057 -

200 2105 240 2160 Es
256 2105 360 2161 weinte
379 2105 426 2160 die
444 2103 568 2159 Toehter
585 2104 636 2158 der
654 2101 747 2158 Sonne

201 2188 264 2243 Und
282 2189 324 2243 las
343 2187 430 2243 durch
447 2187 508 2242 drei
527 2186 614 2242 Jshre
632 2186 679 2241 die
697 2186 816 2252 Bldtter,

200 2273 255 2326 Die
274 2272 452 2328 verwelkten
469 2271 581 2326 Bliitter
598 2285 764 2326 zusammen.

202 2357 273 2426 „Wo
291 2356 346 2412 soll
364 2356 417 2425 ioh,
439 2355 514 2412 liebe
532 2355 645 2424 diutim,

201 2443 277 2498 Mein
294 2441 447 2496 Riiekehen
464 2441 601 2510 remigem

202 2529 256 2582 W0
275 2526 337 2582 dies
354 2527 422 2582 Blut
440 2523 646 2582 sbwesehen?“

204 2609 290 2680 „Geh‚
308 2610 434 2679 geliebte
453 2607 585 2676 Toehter,

205 2693 284 2748 Gehe
301 2692 350 2748 hin
368 2711 430 2748 zum
449 2693 512 2760 See,

202 2780 257 2834 Wo
275 2795 349 2833 nenn
367 2779 467 2834 Fliisse
485 2776 632 2832 miinden.“

203 2863 274 2932 „Wo
291 2862 385 2917 werde
403 2860 457 2929 ioh,
476 2861 550 2917 liebe
567 2861 680 2925 Mutter,

160 3057 183 3121 ¹)
203 3059 282 3106 Plane
295 3057 398 3104 similem
415 3055 507 3102 hebent
525 3055 555 3100 de
575 3051 633 3099 solis
652 3052 753 3098 interitu
770 3049 878 3098 fabulam
896 3047 1002 3095 Hotten·

202 3127 269 3187 torti,
293 3125 344 3172 vid.
368 3123 392 3174 J.
411 3123 446 3174 H.
465 3121 600 3182 Schubert,
621 3119 691 3168 Alies
717 3119 768 3165 und
790 3117 880 3164 Neues.
913 3113 960 3162 Bd.
979 3113 1003 3165 ὅ.

203 3208 228 3254 p.
247 3195 288 3240 24.

817 3250 852 3298 7*
