2278 3760
414 223 650 303 ¹-uu-

131 376 243 434 reddite
260 375 382 444 vitietur,
406 391 572 446 quamquem
595 377 720 447 paullum
743 376 950 444 transformata,
974 375 1005 430 in

130 461 227 519 subula
246 462 368 531 quadum
391 461 591 518 Germanorum
614 461 761 530 (Sitnroulr¹
785 460 895 517 Hsndb.
916 460 944 516 d.
965 461 1004 515 D.

90 597 98 611 ,
130 545 220 618 Mytiu
231 564 258 616 p.
274 547 345 614 299).
375 546 491 604 Iuvenis
504 547 578 602 enim
590 548 737 617 quondum,
755 547 896 602 fortunam
909 551 1003 600 tenta-

132 637 220 700 turus,
245 631 391 702 profectus
415 637 468 699 est,
490 637 522 687 ut
545 633 658 689 diabolo
682 638 741 688 tres
765 631 904 688 evelleret
925 631 1005 700 pilos

132 735 242 776 aureos.
278 719 318 772 In,
329 719 432 774 itinere
450 733 527 785 νοτυς
546 719 582 772 ad
600 723 658 772 tres
676 717 757 772 venit
774 715 1004 786 reges‚'quorum

132 803 250 860 alterius
271 803 361 872 arbor,
386 819 457 874 quse
482 819 593 872 semper
616 802 738 860 habebat
761 817 862 858 eureos
886 801 1004 869 huetius,

133 887 354 956 aperueramus
373 888 491 944 alterius
503 887 682 956 estentona,
700 888 748 957 qui
761 902 873 957 semper
884 884 1004 942 uniones

134 979 163 1030 et
181 973 347 1042 margaritas
366 973 459 1040 eiecit,
483 974 728 1042 extimuerunt,
751 975 838 1028 tertio
860 971 922 1042 regi
943 971 1004 1026 die-

131 1058 214 1116 bolus
226 1063 364 1126 sapuerat
381 1058 476 1112 filiam.
513 1059 586 1114 Tres
607 1059 650 1113 illi
671 1075 755 1128 reges
778 1059 867 1128 igitur
890 1058 1004 1112 menda·

132 1149 235 1200 verunt
260 1142 328 1198 forti
350 1143 538 1214 prudentique
561 1144 666 1212 iuveni,
697 1151 730 1198 ut
752 1159 876 1199 caussas.
890 1143 1004 1198 illorum

133 1227 272 1284 factorum
289 1233 462 1284 scrutaretur
480 1233 510 1282 et
528 1233 627 1299 erepta
644 1229 715 1298 ipsis
736 1228 865 1283 referret.
902 1228 1005 1297 Itaque

132 1313 244 1369 iuvenis
261 1314 408 1382 ingressus
426 1317 471 1367 est
488 1311 544 1366 iter
561 1317 591 1366 et
607 1312 731 1368 tumidos
754 1311 924 1382 rapidosque
946 1319 1004 1368 tor-

134 1403 231 1454 rentes
254 1398 398 1453 truiieiens
420 1397 458 1452 ad
482 1397 588 1452 diaboli
607 1397 719 1452 domurn
740 1397 880 1465 pervenit.
917 1397 1005 1453 Cuius

134 1484 163 1538 in
189 1499 253 1538 sree
278 1483 534 1554 ereptamreperu
556 1482 642 1538 filium
664 1483 755 1552 regis,
778 1497 850 1552 quse
873 1481 1005 1538 iuuenem

134 1568 252 1636 abdidit,
275 1568 366 1624 donee
382 1567 513 1623 diebehrs
531 1583 655 1622 somnum
678 1567 811 1636 cepisset.
852 1567 922 1622 Tum
941 1568 1005 1622 dor·

134 1653 233 1711 mienti
251 1658 310 1708 tres
328 1652 429 1708 evellit
450 1653 561 1708 iuvenis
586 1667 687 1708 eureos
705 1651 780 1722 pilos
803 1653 901 1722 itaque
925 1653 1005 1708 illurn

135 1739 239 1807 coegit.
266 1745 299 1793 ut
319 1738 375 1794 sibi
398 1739 523 1808 aperiret
545 1753 659 1793 caussas
682 1737 815 1793 malorum
838 1737 951 1793 illorum
975 1743 1007 1793 et

134 1823 241 1892 regiam
259 1822 399 1892 virginem
416 1823 589 1878 demitteret.
626 1823 695 1887 Quis
707 1822 753 1877 hie
766 1839 821 1877 non
833 1829 1005 1896 memor-est,

134 1909 231 1964 neseio
248 1925 304 1976 quo
322 1913 416 1978 paeto,
434 1909 496 1964 Nisi
507 1908 585 1962 illius
597 1908 627 1961 in
639 1907 808 1962 Grueeorum
826 1906 923 1962 fabula
939 1923 1004 1976 pro·

134 1993 241 2062 positi?
256 1993 364 2048 Eodem
375 1993 459 2048 modo
472 1993 630 2048 certissime
640 1991 775 2048 habemus
786 1992 911 2060 vestigia
922 1991 1006 2048 huius

135 2077 346 2150 superstitionis
364 2078 400 2132 de
417 2078 552 2147 unguium
570 2082 600 2132 et
617 2077 781 2146 capillorum
805 2075 958 2132 recisurum
975 2079 1006 2133 vi

135 2166 164 2220 in
180 2169 312 2234 poemate
330 2163 381 2219 illo
399 2163 435 2218 de
454 2160 671 2218 Wolidietrieho
689 2162 847 2231 composito
864 2161 1006 2227 (Simroek

136 2249 223 2304 klein.
238 2247 423 2304 Heldenbueh
440 2265 469 2318 p.
482 2249 553 2315 581.)
573 2247 620 2302 ubi
638 2246 689 2302 Els
707 2247 784 2315 durs,
801 2245 921 2316 posthae
932 2263 1006 2316 quae

136 2335 281 2404 Siegminn
299 2339 424 2402 vocetur,
442 2331 696 2400 Wolfdietriehum,
720 2333 787 2401 quia
803 2332 894 2401 ipsam
912 2349 1005 2388 emere

135 2424 256 2486 recuset,
273 2419 315 2473 ita
331 2418 492 2472 ineantssse
510 2417 613 2474 dieitur

136 2523 196 2578 Ver
208 2523 279 2578 Zorn
297 2521 379 2578 nehm
398 2521 439 2576 sie
453 2521 561 2576 Zauber
572 2520 630 2574 und
642 2519 716 2574 wari
725 2519 772 2574 ihn
785 2520 836 2575 uus
844 2521 899 2575 den
914 2521 1007 2590 Manu,

136 2609 175 2663 Es
193 2605 299 2676 behi'ng
316 2606 364 2660 ihn
383 2623 417 2661 un
435 2607 499 2660 dem
517 2605 642 2674 Herzen3
662 2603 762 2658 Sehlaf
776 2605 824 2660 fiel
842 2603 890 2660 ihn
908 2621 951 2674 an,

135 2693 209 2748 Duss
231 2708 261 2745 er
278 2691 478 2746 niedereinken
496 2695 603 2744 mueste
622 2685 672 2743 uui
687 2689 741 2743 den
760 2695 867 2758 grtinen
886 2691 964 2757 Plan,

137 2777 183 2832 Da
201 2775 359 2832 versehnitt
377 2777 418 2832 sie
437 2777 483 2830 die
497 2775 588 2844 Nttgel
601 2773 664 2828 dem
683 2775 905 2843 tugendreiehen
917 2777 1009 2844 Mann,

137 2861 185 2916 Sie
197 2859 279 2915 nalum
289 2857 347 2914 ihm
360 2865 415 2915 v'on
426 2861 476 2915 der
489 2857 602 2912 Sehliie
615 2858 665 2912 der
678 2859 792 2913 Loeken
803 2875 864 2915 zuo
876 2859 1009 2928 hindam,

136 2947 175 3000 Zu
194 2945 284 3000 einem
298 2943 410 3000 Theren
428 2943 538 2998 meehte
555 2943 596 3000 sie
610 2943 664 2997 dun
683 2943 903 3014 tugendreiehen
916 2945 1008 3014 Manu,

205 3127 307 3170 nunant
330 3120 431 3166 nonunt
457 3115 498 3177 (ei.
523 3119 608 3166 Bthm.
630 3119 831 3174 Mihreuenbueh
855 3121 957 3169 deutseh
982 3136 1008 3180 u.

204 3191 234 3246 A„
252 3189 361 3238 Wsldsu
378 3200 402 3246 p.
420 3184 488 3246 587.)
