2278 3760
484 252 653 304 „23-

131 402 386 468 condonationem,
417 420 484 460 vera
515 409 629 473 reperta
656 411 700 460 est
726 405 822 474 origo,
855 405 891 460 sd
922 419 1004 474 quam

130 485 237 540 iterum
266 485 401 542 reducere
426 487 566 557 possimus
592 487 664 544 alias
689 488 855 559 populorum
889 489 939 544 illa
969 505 1005 544 ex

132 569 246 638 origine
273 575 352 624 orus
377 568 494 640 fabulas,
520 586 592 640 quae
621 571 725 628 sensim
751 572 923 630 mutaverint
949 571 1004 628 sor-

132 667 262 722 murnque
283 653 428 712 amiserint
450 655 621 725 primitivam
644 675 696 727 per
718 663 874 728 temporum
896 658 1003 712 diutar-

133 737 263 797 nitatem.

203 822 271 876 XII.
301 823 428 880 Omnium
452 841 520 882 vero
543 845 633 886 rerum
660 837 690 886 et
716 830 807 886 sonna
832 837 862 887 et
888 831 1006 888 materia

132 909 304 980 praecipuae
325 917 391 966 suut
415 928 540 980 caussae,
562 927 678 982 quarum
701 913 830 971 habenda
852 922 899 974 est
922 917 1004 984 ratio,

131 1010 262 1064 qumque
291 997 467 1054 adhibendae
504 1005 570 1054 sunt
601 999 629 1054 in
660 1000 743 1056 rebus
770 1001 1002 1071 contemplandis.

133 1082 197 1146 Qua
213 1082 325 1150 quidem
343 1084 552 1154 contemplandi
570 1084 680 1140 ratione
704 1083 750 1140 hic
773 1101 884 1155 quoque
908 1093 1005 1143 nostra

133 1167 163 1220 in
181 1169 347 1234 quaestione
366 1176 484 1225 utamur.
529 1171 630 1226 Forma
651 1185 791 1224 sacrorum
810 1169 951 1238 librorum,
975 1170 1004 1224 id

132 1258 179 1306 est
195 1269 290 1308 eorum
301 1254 415 1310 dicendi
427 1272 525 1326 genus,
542 1270 598 1324 quo
610 1252 692 1308 nobis
705 1253 797 1308 omnia
810 1254 930 1318 tradunt,
948 1272 1003 1310 non

133 1339 225 1394 solnm
241 1341 362 1412 simplex
385 1348 438 1410 est,
464 1349 497 1398 ut
520 1357 616 1398 omnes
638 1338 699 1394 iere
721 1339 769 1406 qni
796 1355 846 1396 eos
873 1338 1004 1408 legerint,

133 1425 322 1493 consentiunt,
345 1426 499 1482 sedetiam
520 1425 632 1482 iucundi
657 1423 765 1492 aliquid
783 1425 833 1480 illa
855 1441 917 1480 cum
940 1425 1003 1482 sim·

133 1509 263 1578 plicitate
290 1510 383 1580 iungit
405 1518 435 1567 et
459 1529 553 1568 veram
577 1509 714 1566 orationis
743 1508 895 1564 eletionem
918 1514 1003 1576 atque

134 1593 355 1663 amplitudinem.
393 1597 431 1652 Ut
449 1597 522 1651 enim
540 1595 568 1650 in
586 1593 667 1649 vultu
685 1597 714 1648 ct
732 1609 781 1647 ora
797 1591 913 1648 infantis
931 1591 1002 1647 intc-

133 1695 212 1746 gram
230 1678 305 1732 illam
315 1680 483 1736 allmiramur
499 1679 671 1750 probitatem
683 1677 944 1747 ecsimplicitatem,
963 1677 1004 1732 ita

133 1776 245 1830 quoque
270 1779 304 1817 cx
329 1763 461 1820 librorum
488 1779 628 1820 sacrorum
655 1761 744 1818 foruna
777 1762 871 1818 elucet
905 1768 1003 1818 sancta

134 1845 204 1900 tides
223 1851 307 1914 atauo
326 1848 446 1903 candida
464 1848 578 1904 veritas.
621 1847 698 1903 Nihil
721 1846 767 1902 hie
785 1847 813 1902 in
831 1847 932 1902 falsum
955 1865 1001 1902 au·

134 1936 226 1998 getan,
250 1931 301 1986 sed
319 1932 412 1986 omnia
428 1932 677 1988 nobisnarrantur
694 1930 739 1986 hic
757 1932 885 1988 oratione
912 1963 945 1970 —
971 1938 1004 1986 ut

134 2016 176 2070 ita
199 2015 290 2070 dicam
316 2045 349 2052 -
376 2015 527 2070 custodita.
569 2017 705 2072 Attamen
728 2019 838 2074 sincera
861 2035 1003 2074 sacrorum

134 2100 268 2155 librorum
286 2098 453 2168 simplicitas
472 2099 555 2166 longe
574 2101 655 2156 abest
678 2105 713 2158 ab
732 2104 839 2160 insulsa
856 2104 905 2160 illa
923 2105 1001 2174 frigi-

134 2183 225 2250 daque
243 2181 355 2236 dicendi
374 2181 491 2250 ratione,
510 2196 590 2254 quae,
609 2186 677 2242 licet
689 2203 757 2242 vcra
768 2188 849 2244 nobis
862 2189 1002 2254 ostendat,

134 2276 227 2326 tamen
245 2275 291 2324 cst
308 2276 363 2324 tam
385 2267 532 2338 inelegans
555 2287 588 2324 ac
609 2271 694 2338 rudis,
721 2277 753 2325 ut
773 2288 912 2342 persaepe
935 2289 1003 2327 vera

135 2356 197 2424 ipsa
215 2354 354 2422 fugiamus
377 2360 494 2424 propter
517 2354 641 2411 deforme
660 2356 730 2410 illud
748 2357 878 2411 narrandi
898 2373 1002 2426 genus:

134 2441 184 2516 sed
193 2440 290 2510 potius
302 2439 389 2494 sacris
402 2439 492 2494 literis
504 2446 584 2494 tanta
596 2440 670 2494 inest
681 2439 860 2509 pulchritudo
866 2441 1003 2508 quaedam

134 2525 293 2594 singularis,
306 2525 427 2580 dulcedo
440 2531 524 2594 atoue
535 2526 669 2593 suavitas,
684 2532 716 2580 ut
728 2526 764 2582 iis
777 2525 906 2594 legendis
918 2526 1003 2596 plane

130 2609 287 2681 juvenilem
314 2609 481 2680 recipiamus
509 2610 644 2679 vigorem.
684 2612 756 2665 Dum
783 2627 851 2665 vero
878 2609 1002 2676 huncio

134 2696 246 2752 modum
263 2695 364 2750 literae
381 2702 496 2750 sanctae
514 2702 626 2750 nunant
643 2701 726 2764 atquc
749 2697 852 2750 docent
870 2712 929 2763 nos,
947 2711 1002 2750 uon

134 2780 281 2850 priventur
289 2778 416 2848 perfecto
426 2779 476 2834 illo
483 2779 619 2835 scientiae
629 2785 713 2848 atque
726 2780 893 2836 eruditionis
905 2780 1003 2850 grandal,

82 2891 85 2898 ·
134 2880 217 2934 quem
233 2869 331 2920 nostra
348 2880 420 2918 nunc
437 2871 517 2920 aetas
532 2870 620 2932 tenet,
638 2866 689 2920 sed
701 2867 829 2922 omnibus
841 2871 925 2935 aptae
937 2872 1004 2922 sunt

135 2949 321 3019 temporibus,
353 2950 481 3006 omnibus
507 2950 645 3006 salutares
672 2949 841 3008 hominibus:
877 2951 1002 3019 Namque

135 3051 229 3090 earum
247 3035 342 3090 studio
360 3041 390 3090 et
408 3035 601 3091 adolescentia
618 3041 715 3092 nostra
727 3035 854 3090 elitaret
871 3039 1002 3089 senectus

136 3119 302 3186 oblectatur,
320 3121 440 3188 dumque
459 3117 596 3176 secundas
608 3133 653 3172 res
668 3123 776 3184 ornant,
794 3117 922 3176 adversis
940 3134 1001 3190 per·

136 3202 243 3276 frigium
262 3201 343 3260 nobis
361 3218 394 3260 ao
411 3203 543 3262 solatium
562 3201 708 3274 praebent.
