2278 3760
463 277 634 334 „55-

108 427 342 498 praescindendo,
370 428 527 498 (segmina)
551 427 811 486 chartae'indendo
835 444 927 486 coram
949 439 982 484 se

109 511 260 566 collocare.
309 512 426 578 Quando
456 527 549 572 coram
578 528 609 568 se
639 511 828 580 collocarunt,
861 511 983 568 recitent

109 595 195 668 Vtgj,
221 603 252 651 et
269 597 357 668 yatha
374 595 429 652 ahss
447 597 548 667 vairyo
566 598 688 654 recitent
711 613 763 667 pro
781 597 910 654 sanitate.
921 612 982 652 sua.

109 681 165 736 Ter
183 681 304 750 inquam,
322 697 339 736 o
357 681 402 737 vir
418 680 475 751 pie,
496 681 587 737 recita
603 680 690 751 yathi
702 680 758 736 ahil
770 681 870 751 vairyo
883 680 983 750 quavis

109 767 172 822 vice
191 766 324 822 lineolam
342 767 417 822 eirca
434 766 484 822 illa
510 767 637 836 segmina
654 767 792 823 ducendo
837 766 915 837 Opus
938 771 983 820 cst

109 852 137 906 in
156 867 226 908 aves
243 851 336 920 palam
354 851 474 906 recitare
492 852 580 928 Patiti
602 857 632 908 et
655 868 768 922 qnoque
789 867 874 908 nnnm
895 851 984 922 yatht

109 935 165 990 ahtr
182 935 283 1006 vairyo
301 941 332 990 et
349 934 435 1006 vagj.
476 935 514 990 Et
531 940 656 1006 oportet,
678 941 711 992 ut
729 936 849 1006 singulis
872 935 982 992 vicibus

108 1019 207 1074 forfice
226 1019 370 1089 accipiens
387 1024 491 1074 terram
509 1033 570 1074 earn
588 1035 674 1090 super
699 1019 792 1076 dictos
809 1037 918 1090 ungues
941 1019 982 1076 ei·

108 1104 221 1160 fundas.
267 1103 298 1159 Si
316 1109 410 1160 entem
428 1103 516 1158 Patiti
533 1120 590 1160 non
607 1104 691 1172 nosti,
715 1110 775 1160 tum
797 1111 830 1160 nt
851 1107 895 1162 vir
917 1104 981 1160 reli·

108 1190 210 1259 giosus
227 1194 257 1244 et
273 1190 397 1259 prudens
415 1187 504 1242 recita
521 1187 595 1259 Virgj
615 1196 653 1262 τῷ
672 1187 801 1244 Sarnsch.
842 1189 886 1244 Ex
908 1190 980 1246 inta-

108 1274 177 1330 riori
194 1279 276 1344 parte
294 1273 378 1329 trium
397 1271 562 1328 lineolarum
579 1278 660 1328 extra
677 1272 752 1328 ferto
769 1289 887 1342 ungnes,
911 1291 982 1344 quos

108 1360 137 1414 in
155 1359 279 1428 aliquem
296 1373 423 1427 eampum
441 1362 590 1426 exportare
609 1356 705 1426 debes,
728 1373 838 1428 ungues
855 1364 920 1414 tuos
938 1359 979 1414 in·

109 1462 193 1515 qnam
210 1459 310 1506 versus
319 1448 440 1502 mortem
450 1441 534 1511 ferto,
546 1448 578 1498 ut
589 1457 607 1496 a
618 1447 648 1496 te
660 1443 800 1498 miseriam
813 1449 844 1498 et
855 1443 983 1500 dolorem

109 1531 247 1601 expellas.
283 1530 361 1586 Dens
380 1528 493 1598 quidem
506 1527 615 1582 creavit
627 1543 695 1583 aves
714 1528 811 1596 bonas,
829 1533 886 1586 tam
904 1523 982 1586 beati

109 1634 192 1688 quam
210 1615 330 1685 improbi
348 1614 441 1670 solent
457 1612 531 1668 illud
548 1613 677 1668 recitare.
718 1611 749 1666 Si
772 1629 823 1682 pro
841 1614 984 1683 unguibus

109 1720 165 1758 non
187 1700 355 1758 recitaveris
373 1699 469 1768 Patiti,
494 1713 562 1754 aves
586 1698 616 1752 in
639 1697 760 1754 transitu
783 1698 852 1754 illos
871 1716 983 1770 ungues

109 1787 262 1854 vorabunt3
280 1785 305 1840 si
317 1800 372 1840 non
384 1781 559 1850 recitaveris,
578 1781 729 1836 daemones
742 1787 772 1837 et
784 1784 904 1840 venefici
914 1784 982 1840 illos

109 1871 297 1944 asportabunt
321 1874 351 1924 et
376 1867 434 1922 illis
460 1866 602 1936 unguibus
628 1865 766 1922 veneficia
798 1869 981 1925 exercebunt.

109 1959 276 2012 Praesoetos
288 1955 384 2024 itaque
397 1967 506 2022 ungues
517 1967 553 2006 ne
565 1949 718 2021 relinquas,
735 1967 770 2008 ne
788 1951 877 2009 lamas
895 1969 980 2010 vene·

109 2042 171 2098 ficis
189 2047 222 2096 et
235 2038 420 2104 ,daemonibus
435 2036 622 2114 conrivinm“

178 2125 239 2183 XL.
250 2125 313 2180 Non
320 2121 502 2178 mediocriter
510 2121 640 2190 legentes
647 2137 698 2178 nos
709 2121 797 2189 iuvat,
809 2123 885 2191 quod
895 2139 931 2180 ex
939 2124 980 2180 di-

109 2213 201 2270 versis
219 2211 391 2266 Graecorum
409 2214 552 2264 auctorum
566 2206 636 2264 locis
650 2206 844 2276 intelligimus,
863 2207 980 2280 Aegyp-

109 2299 166 2354 tios
184 2310 296 2366 qnoque
314 2292 505 2364 prodigiosam
523 2293 599 2348 illarn
618 2293 654 2347 ric
672 2292 790 2347 crinium
806 2293 837 2348 vi
853 2294 980 2350 tenuisse

108 2381 285 2450 religionem.
322 2378 424 2433 Narrat
447 2377 521 2432 enim
542 2379 703 2434 Herodotus
730 2377 765 2443 (2.
785 2379 839 2445 65.)
867 2384 898 2432 et
920 2377 981 2434 iere

108 2466 211 2522 iisdem
228 2463 324 2519 verbis
341 2461 484 2518 Diodorus
497 2463 553 2518 Sic.
573 2464 608 2529 (1.
622 2464 685 2531 83.),
704 2462 752 2530 qni
769 2463 853 2518 modo
871 2464 907 2521 ab
925 2465 980 2520 lle·

109 2549 205 2604 rodoti
222 2546 360 2602 relatione
381 2547 532 2616 repetiisse
555 2547 677 2612 videtur,
701 2545 865 2616 Aegyptios
887 2555 983 2606 certas

109 2635 218 2703 bestias
244 2638 278 2688 ut
303 2649 397 2688 sacras
424 2633 555 2688 coluisse.
592 2629 791 2686 Venerationis
818 2634 912 2684 antem
938 2643 979 2682 ra-

109 2722 215 2777 tionem
239 2717 399 2774 huiusmodi
422 2717 520 2774 inisse.
565 2717 636 2784 Diis,
660 2716 761 2785 quibus
786 2719 978 2770 consecratum
1005 2717 1008 2723 '

110 2814 155 2864 est
167 2807 278 2875 animal,
296 2804 462 2876 imploratis,
480 2818 630 2874 puerorum
642 2801 737 2871 capilli
753 2800 916 2856 reciduntur
933 2797 980 2854 vel

109 2895 164 2948 toti
189 2893 237 2949 vel
255 2909 290 2948 ex
314 2891 431 2946 dimidia
453 2892 561 2943 tantum
588 2891 678 2954 parte,
705 2884 753 2954 qui
783 2889 843 2940 tum
869 2883 980 2952 argenti

108 2978 204 3048 pretio
217 2977 410 3032 aestimantur.
447 2973 508 3038 Quo
519 2971 596 3026 iacto
610 2975 757 3038 argentum
769 2968 840 3024 illud
852 2967 981 3026 animalis

109 3063 222 3118 custodi
241 3064 331 3132 datur,
355 3062 402 3132 qni
420 3059 514 3128 pisces
539 3055 607 3110 emit
631 3055 722 3124 iisqne
745 3055 838 3124 pascit
860 3055 980 3111 bestiam

110 3151 311 3208 consecratam.
347 3144 416 3200 Inde
435 3143 523 3212 igitur
541 3142 667 3212 apparet,
686 3139 849 3210 Aegyptios
867 3155 980 3210 quoque

110 3229 305 3286 maximenon
325 3245 414 3298 parvo
436 3227 573 3284 sacrificio
596 3224 854 3346 ‹lignoshabgisse
879 3223 980 3292 onnes,
