2278 3760
478 268 646 324 ...29-

126 422 287 480 strabimus.
321 423 385 480 Jarn
398 425 610 496 progrediamur
628 424 662 478 ad
677 423 812 480 interiora
823 422 999 492 quaestionis

128 515 254 564 nostrae.

199 595 278 650 XVI.
316 594 355 650 Ut
372 595 425 650 iam
444 594 670 664 supradiximus,
688 594 805 663 primum
818 599 897 648 tenet
909 593 999 648 locum

128 682 159 734 in
184 681 257 734 serie
282 679 332 734 ills
354 678 509 734 fabularum
533 679 655 734 anobis
678 679 841 746 constituta,
869 696 903 734 ea
928 693 999 746 qliae

128 781 182 835 per
201 765 330 820 diversos
348 763 471 834 populos
495 771 538 818 est
563 764 692 831 dispersa
714 763 750 818 de
774 763 883 818 diluvio
905 764 1000 819 fabula

129 864 203 918 quate
222 849 306 918 longe
325 848 492 918 gravissima
509 853 562 914 est,
579 849 646 915 quis
663 849 802 915 quomodo
821 865 918 904 reeens
930 850 1001 904 illud

129 934 343 1006 postdilnrium
353 932 492 988 hominnm
505 947 594 1000 genus
608 931 697 986 exitio
707 939 832 1002 ereptum
847 935 1002 994 effloruerit

130 1019 214 1074 nobis
226 1018 360 1074 ostendit.
382 1017 512 1086 Inprimis
524 1022 617 1070 nartem
628 1034 732 1085 omnes,
745 1035 816 1087 quae
826 1021 907 1076 uobis
917 1027 1001 1075 notae

130 1111 198 1160 strunt.
209 1103 444 1160 nobilissimomm
454 1101 619 1172 populorum
630 1102 664 1156 do
675 1103 783 1158 diluvio
793 1103 913 1171 fabulae,
923 1105 1001 1160 eolli-

130 1190 240 1256 gendas
258 1195 342 1258 atque
362 1189 390 1242 in
408 1195 513 1242 eertum
532 1188 670 1256 quendam
689 1187 813 1242 ordinem
833 1189 1002 1257 redigendas

131 1289 197 1328 esse
210 1279 288 1342 puto,
306 1286 379 1340 qnae,
388 1271 500 1340 quidem
516 1269 626 1327 fabulas
639 1289 672 1326 ex
687 1273 806 1341 singulis
824 1273 885 1328 suis
898 1281 928 1329 et
939 1293 1002 1344 gra-

132 1357 257 1413 vissimis
276 1357 374 1424 signis,
393 1370 464 1424 quae
483 1357 558 1423 quod
576 1358 611 1410 ad
623 1359 796 1428 propositam
809 1363 1001 1428 qrraestionem

132 1447 263 1511 attineat,
277 1445 373 1499 summi
387 1450 452 1498 srrnt
466 1443 606 1510 momenti,
620 1443 692 1498 inter
704 1459 768 1498 sese
781 1447 956 1514 comparabo,
970 1464 1004 1502 na

133 1541 227 1588 tannen
246 1533 284 1586 ob
308 1548 421 1586 caussas
445 1529 522 1599 prins
541 1535 771 1584 commemoratas
794 1529 1003 1586 fundamentum

134 1619 255 1684 intuens,
274 1631 346 1685 qrrae
365 1615 446 1672 nobis
464 1613 517 1668 bae
534 1613 569 1668 de
589 1629 618 1667 re
637 1613 750 1668 tradunt
768 1616 838 1670 seori
858 1615 931 1670 libri.

204 1703 285 1768 Quod
298 1719 367 1771 orgo
380 1718 431 1756 nos
446 1700 602 1756 institutum
615 1706 738 1754 nostrum
753 1701 910 1756 tenebimus
919 1708 1003 1769 atone

135 1789 245 1842 initium
264 1787 397 1842 ‹irueomus
415 1803 432 1839 a
453 1785 598 1850 relatione,
622 1785 730 1854 qualem
754 1786 881 1854 prodidit
904 1786 939 1840 de
963 1787 1004 1840 di-

137 1874 214 1928 tut-io
232 1873 323 1928 Vetus
336 1872 553 1936 Testamentum,
572 1883 734 1938 quemquam
754 1869 823 1926 baeo
841 1871 894 1926 iam
909 1871 1005 1941 pueris

136 1959 288 2012 decantata
306 1961 358 2022 est,
377 1971 460 2024 spero
481 1961 573 2008 tamen
584 1955 653 2021 sore,
672 1963 703 2009 ut
716 1957 897 2026 comprobent
915 1957 1005 2020 nobis,

136 2043 182 2111 qrai
202 2041 388 2096 constantiam
411 2040 539 2096 omnibns
563 2040 592 2094 in
615 2040 698 2095 rebus
721 2042 868 2096 tenendam
894 2047 1004 2110 putant,

138 2129 258 2182 Narrant
281 2133 374 2180 atatem
397 2125 478 2180 nobis
505 2125 540 2178 de
568 2141 668 2192 magno
693 2125 742 2180 iiio
769 2125 878 2180 diluvio
905 2126 1005 2180 literae

137 2219 251 2267 sarretae
269 2209 342 2266 buno
360 2211 388 2264 in
407 2211 516 2265 mentum
536 2210 650 2274 (Gerros.
670 2209 738 2278 Cap.
757 2211 844 2275 o-o).

207 2297 301 2352 xvir.
338 2298 426 2363 Quum
461 2298 538 2351 Dens
574 2295 696 2362 videret,
732 2293 788 2348 late
822 2301 922 2364 putere
958 2294 1006 2348 bo·

138 2383 240 2436 minum
265 2381 398 2438 natalitiam
426 2387 509 2449 atoue
537 2380 719 2448 impietatem,
752 2395 814 2432 eum
842 2380 1007 2448 poenitebat

139 2467 243 2534 ipsum,
269 2466 345 2533 qrrrrd
372 2465 512 2520 creaverit
538 2463 685 2518 humanum
711 2479 809 2531 genus,
835 2471 1007 2534 qrrapropter

139 2549 285 2602 eonsilium
305 2548 389 2617 eupit,
413 2549 532 2617 perdere
555 2561 735 2616 quaeeunque
759 2565 809 2616 per
832 2549 926 2604 orbem
951 2557 1006 2602 ter·

140 2649 230 2687 rarum
250 2633 388 2700 rigerent,
408 2641 437 2686 et
455 2631 581 2688 homines
599 2641 628 2687 et
646 2631 761 2688 bestias.
807 2633 863 2687 Sed
883 2633 1006 2688 inuenie-

140 2719 222 2772 batnr
241 2716 361 2770 omnium
380 2714 519 2770 bominum
538 2733 616 2784 unam,
635 2717 678 2775 eui
698 2723 758 2772 erat
777 2735 875 2773 nomeu
893 2717 1008 2780 Noaubi,

139 2801 186 2874 (pn
207 2818 261 2856 non
280 2801 450 2870 displicebat
471 2802 533 2856 Deo
559 2809 674 2870 propter
700 2801 892 2871 integritatem
922 2813 1007 2872 atquo

142 2888 283 2952 uirtutem,
302 2886 404 2954 qrrique
418 2886 491 2943 tidus
503 2894 563 2940 erat
575 2886 638 2954 Dei,
652 2886 772 2940 omnium
782 2904 872 2942 rerum
882 2889 1009 2954 rectoris,

142 2970 277 3026 minister.
315 2975 402 3036 tinem
420 2971 527 3026 salvum
545 2981 690 3041 praestare
709 2978 739 3026 et
760 2988 873 3028 serrare
897 2991 914 3028 a
936 2973 1008 3028 utalo

142 3059 192 3112 illo
212 3065 330 3114 rentnro
349 3065 459 3114 creator
477 3058 634 3114 corastitnit.
678 3057 777 3125 ltaque
801 3057 946 3113 imminens
968 3057 1008 3116 dt-

143 3142 248 3196 inrium
267 3142 474 3210 praenuntians,
493 3159 554 3198 enm
574 3159 705 3201 areanr-
717 3142 745 3196 id
765 3149 808 3198 ost
821 3142 963 3210 rrrarigimu
976 3173 1009 3180 -

143 3233 289 3280 exstruere
309 3227 400 3294 iussit,
418 3242 490 3294 qrrae
509 3234 574 3294 apta
592 3233 669 3280 osset
687 3227 722 3280 nd
736 3226 825 3292 ipsum
839 3233 1009 3292 cunctosque
