2278 3760
483 239 721 302 -ae-‘

130 396 198 465 o.3,
218 397 270 464 15.)
296 401 343 452 καὶ
368 401 482 470 ἔχθραν
506 395 586 465 θήσω
611 399 666 454 tirel
689 405 777 467 μέσον
801 419 849 455 σου
880 406 928 458 καὶ
953 403 1009 459 ἀνὰ

129 489 219 550 μέσον
236 489 285 538 τοῦ
304 483 463 560 σπέρματός
481 501 528 538 σον
549 486 595 538 καὶ
614 481 668 537 α’νά
680 488 768 553 μέσον
786 492 834 538 τοῦ
847 494 1008 563 σπέρματος

130 568 221 635 cederit.
244 568 327 630 τιν’τός
340 589 387 624 σου
401 569 515 643 τηρήσει
529 565 656 640 κεφαλήν
666 571 714 622 καὶ
729 567 760 622 σύ
774 571 902 645 τηρήσεις
920 569 1007 624 αὐτοῦ

130 659 262 725 πτέρναν.
280 653 334 706 Hic
346 653 473 708 videmus
481 671 604 724 pugnarn
614 653 688 708 inter
697 653 836 709 homiuem
846 663 876 710 et
885 671 1007 724 anguem

133 738 1006 809 nonstaamgestam,sedpotiuspraenuntiaturfatalibusoei

129 813 223 876 dietis.
247 821 353 887 Quodsi
364 839 432 877 vero
447 823 569 879 inlibris
585 825 672 880 sacris
688 826 828 895 depugna
843 826 893 880 illa
906 831 1006 880 contra

129 907 1005 981 draconemabhominegestapriusnar1·atm·,quamdediluvio,

129 993 1004 1064 mirumnonest,quiahomo‚dummodoopportunuminmundo

129 1083 226 1132 teneat
242 1077 340 1145 locum,
364 1077 436 1132 hanc
454 1077 490 1131 ad
507 1093 629 1147 pugnam
648 1078 767 1146 cogitur,
793 1078 889 1148 itaquo
911 1079 1004 1148 horno,

129 1163 238 1232 qualem
253 1163 380 1218 videmus
392 1163 475 1219 nohis
492 1165 668 1234 propositum
687 1179 704 1218 a
722 1163 809 1219 sacris
826 1163 927 1232 literis,
946 1165 1001 1218 ianr

128 1256 193 1303 ante
217 1248 354 1304 diluvium
378 1255 472 1318 aptam
492 1247 578 1304 habet
598 1249 787 1304 conditionem
810 1250 921 1321 sibique
941 1251 1002 1304 ido-

129 1351 218 1403 neam,
241 1335 363 1404 ideoque
381 1350 507 1404 pugnare
526 1351 589 1388 eum
607 1341 673 1390 cont
673 1353 705 1390 ra
661 1337 795 1391 tmala
812 1349 928 1391 necesse
947 1341 1001 1390 est.

197 1419 320 1474 XXXII.
349 1420 436 1490 Apud
447 1419 534 1474 Indos
553 1427 583 1474 et
595 1422 704 1490 Persas,
722 1438 838 1491 quorum
850 1422 885 1476 do
897 1421 1003 1490 pugnis

104 1510 193 1559 ‹cont
195 1521 225 1559 ra
251 1505 387 1559 dracones
415 1509 532 1572 succept
533 1503 557 1558 is
590 1506 746 1576 permultae
779 1515 844 1563 sunt
879 1507 1001 1574 fabulae,

127 1604 251 1658 quasque
271 1605 367 1644 onmes
385 1587 431 1642 hio
453 1587 554 1643 afferre
579 1589 702 1646 nihilt
673 1591 784 1656 attinet,
809 1591 906 1645 talium
929 1607 1000 1661 pug-

127 1693 222 1731 narum
240 1676 346 1731 somnae
365 1675 527 1746 primitivae
545 1676 637 1745 putari
659 1683 778 1746 possunt
793 1677 946 1730 certamina
964 1677 999 1731 ah

129 1761 227 1816 Indico
246 1762 326 1816 Trita
345 1769 374 1816 et
392 1755 508 1816 Persico
526 1759 706 1815 Thractaond
731 1767 828 1816 contra
851 1767 999 1831 serpentes

127 1845 192 1900 illos
211 1845 361 1900 horribiles
379 1843 458 1900 hahr
446 1849 483 1912 a,
509 1855 636 1914 quaeque
655 1845 709 1898 iarn
727 1852 811 1901 antea
834 1863 997 1902 commemo·

127 1931 257 1986 ravimus.
294 1931 332 1985 Et
350 1931 425 2000 apud
443 1929 570 1999 Aegypt
564 1945 606 1984 ros
624 1942 735 1998 quoque
756 1937 821 1986 vtes
822 1931 881 2000 igia
898 1933 999 2002 opinor

127 2023 240 2072 servata
258 2033 321 2072 esse
340 2016 452 2073 fabulae
470 2015 548 2069 illins
566 2013 601 2067 de
620 2013 723 2082 pugnis
746 2021 844 2070 contra
861 2017 997 2071 dracones

127 2103 155 2156 in
173 2101 284 2171 fabulis,
306 2117 377 2171 quae
403 2103 484 2158 nohis
503 2100 557 2155 hoc
581 2099 616 2153 de
634 2098 740 2168 populo
759 2101 880 2156 traditae
899 2109 963 2158 sunt
982 2119 998 2156 a

127 2187 243 2241 Graecis
267 2187 438 2242 auctoribus.
491 2185 591 2252 ltaque
615 2183 780 2239 Plutarchus
805 2187 851 2242 (de
876 2188 998 2242 Isidt
969 2193 998 2241 et

127 2271 234 2326 Osirid.
262 2287 286 2325 c.
305 2273 360 2338 50.)
387 2271 475 2325 tradit
463 2269 572 2338 tapnd
590 2269 773 2338 Hemropolin
797 2273 893 2327 urbem
917 2273 999 2326 simu-

125 2355 229 2409 lacrum
239 2354 385 2432 Typhonis
399 2353 496 2421 iuisse,
509 2355 585 2422 qrrod
595 2353 833 2426 hippopotanmm,
852 2357 998 2428 Typhonis

126 2440 245 2508 signum,
270 2445 316 2493 ost
305 2439 443 2507 tonderet,
468 2439 496 2492 in
515 2451 570 2506 qno
589 2442 732 2511 accipiter
752 2444 856 2498 Horum
874 2443 921 2511 qui
941 2444 996 2510 sig·

124 2524 229 2592 nilioat
247 2537 378 2590 magnum
397 2539 500 2577 necans
519 2533 719 2596 serpentemst
721 2533 789 2583 aret.
827 2530 916 2594 ermn
929 2545 996 2584 tero

125 2610 232 2665 lraud
225 2625 394 2679 rgnoremus,
421 2609 534 2676 Horum,
558 2611 605 2678 qui
625 2611 744 2666 Osiridis
767 2613 856 2681 patris
880 2618 997 2667 mortem

125 2711 142 2749 a
162 2693 300 2765 Typhone
318 2692 431 2748 confeot
419 2699 476 2749 tum
495 2695 688 2764 ulcisceretur,
707 2697 785 2751 illum
795 2713 915 2768 semper
934 2715 996 2768 pcr-

128 2787 254 2836 seeutum
273 2767 385 2834 tandem
410 2778 523 2847 uicisse,
547 2784 631 2849 spero
649 2780 718 2848 sore,
742 2787 773 2836 ut
795 2797 876 2836 nemo
899 2783 997 2836 mirum

128 2866 240 2934 haheat,
259 2865 354 2934 qnod'
346 2881 374 2918 ru
388 2865 536 2920 simulacro
549 2863 634 2933 illo,
627 2881 655 2918 rn
668 2877 723 2932 quo
736 2863 872 2933 accipiter
883 2866 997 2932 (Hor-us)

125 2967 244 3020 anguem
263 2948 449 3019 (Typhonem)
474 2955 564 3017 necat,
589 2948 711 3003 fabulam
730 2951 937 3020 Aegyptiorum
961 2952 996 3004 tle

124 3035 292 3092 draconibus
315 3033 473 3090 interfectis
499 3034 602 3088 mihi
594 3034 737 3089 rnvenissc
762 3033 878 3088 videar.
917 3034 997 3098 Quod

125 3123 228 3178 attinet
217 3121 281 3176 tad
300 3119 370 3175 hano
388 3121 511 3175 tabulam
530 3120 605 3190 apud
624 3119 755 3186 Grffaccos
783 3119 833 3173 illo
850 3117 932 3173 nohis
949 3134 995 3172 oc-

124 3205 211 3263 currit
228 3205 372 3275 primitiva
391 3223 441 3261 sna
459 3207 487 3260 in
505 3206 602 3274 forma,
623 3218 695 3273 qrrae
715 3204 906 3278 Apollinem
898 3221 926 3258 ur
933 3205 995 3276 Py·
