2278 3760
488 257 656 310 „53-

138 410 270 463 momenti
295 415 379 478 atque
403 410 493 478 magis
517 409 662 478 magisque
685 423 729 464 me
757 409 887 476 adducat,
914 417 946 465 ut
974 427 1013 465 ex

138 495 275 550 communi
312 495 421 564 origine
451 495 608 566 profectum
644 511 707 550 esse
737 495 883 550 humanum
918 512 1013 566 genus

139 580 258 634 credam.
296 579 381 635 Tales
400 597 468 636 vero
486 579 682 635 dimicationes
701 586 799 635 contra
816 580 889 635 mala
901 581 1012 649 ingenii

139 664 246 719 viribus
271 671 428 734 susceptae,
448 665 582 720 eomodo
601 665 735 734 oriuntur,
762 667 829 734 quia
848 665 922 720 mala
946 666 1014 735 ipsa

138 765 256 818 corpore
275 750 400 804 carentia
418 749 556 805 infestant
579 766 717 822 persaepe
740 751 888 808 humanum
910 767 1012 820 genus,

138 833 167 886 id
195 837 248 900 est,
276 838 324 888 aut
344 832 428 902 plane
453 833 521 888 nulli
550 835 689 890 comenda
715 843 763 892 aut
789 838 869 906 quasi
897 843 1013 906 spectra

138 917 261 972 terrifica
279 922 364 986 atque
383 915 530 972 horribilia
544 917 651 974 homini
675 926 832 988 occurrunt,
859 934 950 988 neque
968 921 1013 976 ita

139 1019 256 1074 corpore
275 1003 411 1072 praedita,
439 1009 471 1058 ut
495 1003 523 1058 iu
545 992 729 1073 pugnis'illis
753 1011 851 1060 contra
872 1005 1012 1062 dracones

138 1094 168 1142 et
186 1104 293 1158 angues
307 1087 450 1157 pugnatis.
487 1089 548 1143 Hac
565 1095 659 1144 autem
671 1090 833 1145 conditione
846 1089 929 1146 homo
941 1106 1011 1160 quo-

138 1189 192 1242 que
205 1174 324 1243 cogitur,
343 1188 426 1243 quum
439 1191 494 1228 non
504 1174 623 1244 amplius
636 1175 778 1230 sufficiant
790 1183 888 1231 contra
899 1174 1012 1231 bostem

137 1258 308 1314 invisibilem
334 1259 460 1328 corporis
484 1258 527 1314 sui
552 1260 636 1327 vires,
663 1267 696 1314 ut
719 1261 834 1331 ingenio
861 1267 891 1316 ct
917 1262 1012 1317 animo

137 1351 232 1399 utatur
250 1345 345 1412 itaque
364 1345 465 1399 iisdem
484 1344 667 1414 aggrediatur
685 1347 769 1401 armis
782 1347 930 1414 inimicum,
949 1348 1011 1415 qui-

138 1432 189 1484 bus
213 1429 261 1484 ille
286 1429 378 1499 ipsum
403 1429 540 1484 infestare
565 1435 682 1486 conatus
707 1438 764 1500 est3
794 1432 870 1499 quod
896 1432 1010 1500 quidem

137 1515 283 1570 humanum
306 1532 396 1584 genus
421 1532 521 1572 revera
544 1515 675 1570 confecit.
718 1515 788 1570 Nam
812 1522 861 1570 aut
878 1517 1012 1586 precibus

136 1603 192 1672 piis
211 1607 359 1657 moverunt
377 1617 478 1656 numen
495 1601 635 1669 quoddam
653 1599 818 1655 inviolabile
847 1603 876 1655 et
900 1600 1011 1656 immor-

59 1695 60 1698 ’
137 1686 202 1754 tale,
221 1693 253 1740 ut
271 1690 415 1739 averteret
433 1685 606 1740 imminentia
620 1685 692 1740 mala
710 1701 860 1754 eorumque
878 1686 1012 1756 impetus,

139 1777 188 1825 aut
205 1770 333 1826 homines
351 1770 406 1840 ipsi
425 1769 552 1840 expediti
571 1769 783 1827 incredibilibus
800 1771 860 1827 fere
873 1779 903 1827 et
920 1789 1012 1842 prope

138 1855 328 1924 singularibus
357 1855 523 1923 quibusdam
553 1856 660 1925 ingenii
693 1857 801 1912 viribus
834 1856 863 1910 in
890 1857 1013 1913 adversa

137 1956 263 2010 pugnare
288 1955 377 2008 eaque
396 1940 548 1994 devincere
572 1946 637 1996 sunt
659 1940 729 1995 ausi.
766 1941 847 1994 Hune
871 1940 960 2010 igitur
981 1942 1011 1996 in

137 2025 248 2080 modum
267 2029 329 2080 orta
347 2030 391 2079 est
409 2040 454 2078 ars
477 2024 586 2094 magica
603 2026 730 2081 omnibus
748 2041 809 2078 eum
824 2027 932 2081 arcanis
951 2027 1012 2082 suis

137 2117 222 2179 atque
241 2109 318 2164 miris
336 2109 454 2164 venenis
473 2117 502 2164 et
520 2110 705 2178 cantionibus,
726 2124 798 2178 quae
817 2111 910 2166 omnia
926 2111 1012 2166 initio

138 2196 167 2250 id
185 2195 268 2250 modo
288 2195 463 2264 spectabant,
482 2200 514 2250 ut
526 2196 663 2250 infirmum
675 2201 760 2264 atque
774 2196 942 2252 imbecillum
961 2195 1012 2252 ho-

138 2281 241 2334 minum
259 2296 349 2348 genus
367 2285 514 2334 servarent
533 2286 563 2334 et
581 2279 734 2336 liberarent
757 2297 774 2335 a
791 2281 938 2337 conatibus
957 2281 1011 2336 ini-

137 2365 201 2418 mici
220 2371 305 2432 atque
324 2363 421 2419 infesti
440 2363 583 2420 cuiusdam
603 2366 732 2434 numinis,
757 2366 808 2420 sed
825 2365 945 2435 posthae
962 2367 1012 2420 ad-

138 2449 229 2506 bibita
252 2456 318 2505 sunt
344 2449 380 2504 ad
407 2449 479 2504 alios
507 2449 655 2505 violandos
691 2449 726 2504 ab
753 2446 911 2505 hominibus
939 2449 1013 2519 ipsis

138 2535 246 2603 magice
265 2534 456 2590 abutentibus.
494 2533 617 2602 Quisque
636 2550 705 2590 vero
723 2540 849 2590 nostrum
866 2534 950 2590 facile
969 2535 1011 2588 in-

139 2621 261 2690 telliget,
280 2621 402 2674 carmina
420 2624 505 2686 atque
523 2634 633 2673 venena
644 2621 777 2690 magices,
796 2607 878 2688 quam
896 2619 924 2673 in
942 2637 1011 2675 uno-

138 2717 249 2772 quoque
268 2704 396 2759 videmus
416 2701 523 2772 populo
542 2703 677 2772 viguisse,
696 2721 731 2759 ex
747 2705 833 2760 variis
846 2710 876 2759 et
887 2704 1013 2760 diversis

139 2789 278 2844 sentiendi
298 2794 382 2856 atque
402 2787 546 2856 cogitandi
567 2789 724 2844 rationibus
742 2789 883 2844 hominum
901 2789 1013 2845 varium

69 2859 73 2870 ¹
139 2875 167 2928 in
185 2874 296 2928 modum
315 2889 378 2928 seso
397 2871 541 2940 tenuasse,
568 2887 624 2942 qua
647 2875 727 2929 inre
751 2874 814 2928 fieri
837 2891 893 2928 non
915 2889 1013 2945 posse,

138 2963 170 3012 ut
188 2959 223 3013 do
242 2957 426 3028 congmentia
443 2957 562 3025 quadam
581 2958 681 3013 stricta
701 2958 775 3012 inter
797 2973 827 3013 se
847 2955 945 3012 horum
963 2974 1013 3015 ve·

138 3061 272 3101 nenorum
290 3047 378 3102 verba
396 3045 489 3099 facere
508 3043 656 3114 possimus.
693 3043 828 3098 Attamen
844 3043 942 3112 negari
954 3061 1014 3100 non

138 3136 243 3202 potest,
267 3130 295 3184 in
313 3129 365 3182 hae
383 3143 495 3196 quoque
514 3136 570 3183 tam
594 3129 674 3184 varia
697 3127 818 3184 omnium
842 3127 1015 3197 populorum

139 3215 223 3272 animi
241 3214 426 3288 perceptione
445 3221 551 3270 certum
575 3214 714 3282 quoddam
736 3213 945 3268 lrrndamentum
969 3213 1014 3267 in-
