2278 3760
472 286 641 338 „⁶21-

120 443 177 504 μὲν
206 446 286 494 θεῶν
312 438 347 493 ον’
373 437 441 500 ξύλα
472 442 519 492 καλ
552 441 649 498 λίθοις
674 437 865 511 δπειλῆιρασιν
898 439 992 516 ὥσπερ

114 508 247 590 Ἐλληνες
277 522 344 578 ον’δὲ
370 525 424 590 μὲν
457 525 550 590 ἴβιδας
581 525 630 576 καλ
654 522 828 596 ἰχνεύμονας
859 524 991 599 καθάπερ

121 610 275 680 Αἰγύπτιοι
294 607 364 662 α’λλά
381 616 437 682 πῦρ
456 611 536 663 τεκαὶ
553 607 632 681 ὕδωρ
657 608 694 669 οἷς
718 607 880 680 φιλόσοφοι.
913 609 993 666 Marri

121 699 155 751 δὲ
173 695 276 754 πολλὰς
292 700 390 762 μέντοι
407 691 527 766 ὕστερον
544 693 696 768 περιόδους
708 698 778 750 ἐτοῖν
791 693 992 769 εἰνδρωποειδῆ

121 779 276 854 α’γιὶλμιιια
295 786 389 848 σέβειν
401 777 500 837 αδτοιλς
518 765 665 849 Βήρωσσος
683 782 714 834 ἐν
727 789 805 852 ερδεῃ
819 783 994 834 Χαλδαϊκῶν

121 877 271 938 παρίστησι
297 868 377 917 τοῦτο
404 860 581 936 Ἀρταξέρξου
608 871 656 917 τοῦ
682 873 803 938 Δαρείου
833 871 883 918 rosi
904 863 992 936 Ὦχον

121 956 340 1020 ελςηγησομίνοο
365 950 395 1008 ὃς
414 953 523 1020 πρῶτος
541 955 588 1013 τῆς
604 946 767 1022 Ἀφροδίτης
789 948 939 1008 Ἅναΐπιδος
962 947 993 1002 ro

120 1031 994 1108 ἅγαλμαδναστῆσαςένΒαβολαῑνικαὶΣούσοιςκαὶΊίιιβοιεῆνοις

121 1129 245 1196 Πέρσαις
265 1123 312 1173 καλ
343 1117 482 1192 Βάκτροις
511 1120 558 1170 καὶ
588 1124 730 1188 Δαμασκῷ
766 1120 813 1171 καὶ
849 1115 994 1192 Σάρδεσιν

118 1205 252 1266 δπεδειξε
276 1213 372 1274 σέβειν
390 1209 515 1259 anostra
526 1201 668 1258 sententia
679 1202 839 1272 discrepare
855 1220 910 1257 oon
928 1221 993 1272 pos-

120 1295 197 1357 sunt,
219 1289 382 1343 continuare
401 1287 485 1344 etiam
507 1287 600 1357 ipsum
623 1287 763 1342 videntur.
806 1286 875 1340 Nam
899 1287 994 1356 agitur

120 1374 174 1429 illo
193 1373 255 1428 loco
273 1372 308 1428 de
328 1372 405 1427 cultu
422 1372 543 1440 quodam
556 1378 682 1438 externo,
700 1373 748 1440 qui
767 1371 877 1426 callidis
891 1373 992 1428 aliisve

121 1458 270 1513 decausis
290 1458 379 1512 multo
403 1457 516 1513 facilius
537 1458 644 1529 populo
668 1457 766 1527 affingi
791 1464 889 1527 potest
911 1473 992 1527 quarn

121 1543 231 1612 ingenii
244 1543 383 1611 animique
397 1542 517 1613 habitus,
536 1545 585 1613 qui
597 1545 626 1598 in
639 1544 743 1600 fabulis
754 1543 895 1613 tingendis
908 1551 993 1612 atquc

121 1629 252 1683 creandis
271 1633 315 1683 est
339 1626 522 1683 adhibendus.
566 1627 746 1683 Manifestum
770 1633 863 1682 autern
889 1633 934 1682 est
960 1657 993 1666 ν*

121 1719 155 1767 ut
182 1713 405 1782 praetermittam
431 1720 537 1770 certum
564 1713 635 1769 illud
662 1713 819 1777 discrimen,
847 1713 922 1781 qrrod
950 1718 994 1767 est

121 1799 199 1853 inter
216 1813 357 1853 sacrorum
374 1815 454 1854 usum
473 1806 618 1854 externum
637 1805 722 1867 atque
735 1799 858 1854 fabulam
870 1798 994 1853 -illius

122 1897 236 1952 quoque
265 1882 385 1937 Veneris
412 1883 516 1938 cultum
544 1890 697 1952 externum,
727 1898 810 1951 quum
838 1885 994 1939 contrarius

122 1973 203 2022 esset
225 1966 323 2036 populi
349 1967 483 2037 opinioni,
510 1983 565 2022 non
592 1968 669 2038 prius
697 1969 804 2022 aditum
831 1970 867 2024 ari
893 1970 994 2023 Persas

123 2051 265 2118 habuisse,
295 2067 378 2120 quam
401 2053 533 2108 iussisset
561 2069 610 2108 rex
639 2053 697 2121 ille,
727 2055 774 2123 qui
804 2056 881 2110 nullo
910 2055 993 2110 modo

122 2136 224 2206 populi
247 2136 401 2190 voluntatis
420 2142 504 2205 atque
530 2137 671 2206 opinionis
695 2145 756 2193 erat
773 2145 921 2208 patronus:
940 2152 995 2206 qua

123 2225 152 2277 in
172 2241 202 2278 ro
222 2224 251 2278 id
270 2231 314 2278 est
332 2238 443 2292 quoque
464 2225 661 2293 quaerendum,
685 2231 776 2278 utrum
801 2225 876 2294 apud
894 2226 995 2279 Persas

124 2307 865 2378 iamfueritoommunisintelligentia,quacontinetur
874 2307 995 2362 Veneris

124 2397 227 2462 curtus,
251 2409 351 2462 necne,
373 2407 457 2462 quum
481 2394 553 2449 inmo
577 2395 681 2449 cultum
706 2391 874 2461 acceperint,
899 2391 994 2458 itaque

124 2482 155 2535 id
173 2479 256 2534 modo
281 2478 439 2533 accuratius
463 2480 662 2550 expresserint,
686 2479 761 2548 quod
783 2477 942 2531 iamdudum
966 2481 995 2530 et

125 2568 217 2621 animo
237 2572 266 2620 et
284 2563 458 2633 cogitatione
472 2567 612 2622 senserint
629 2566 675 2632 (cf.
687 2565 785 2620 Rhodo
798 2565 824 2619 d.
839 2563 906 2618 hail.
920 2564 995 2633 Saga

125 2653 177 2706 des
196 2649 374 2704 Zendvolkes
397 2667 425 2718 p.
444 2648 514 2718 480).
552 2651 682 2706 Ceterum
705 2649 844 2705 hocloco
870 2654 995 2717 praeter·

125 2739 238 2792 mittere
257 2751 312 2790 non
329 2750 486 2804 possumus,
509 2735 576 2802 quin
600 2737 635 2790 de
655 2751 689 2790 eo
712 2735 788 2804 quod
811 2733 924 2802 qrridem
942 2733 994 2786 Bc-

126 2837 207 2878 rosus
234 2819 282 2873 illc
310 2817 435 2886 negavit,
463 2821 564 2875 Persas
591 2822 712 2876 nondum
739 2827 803 2875 ante
828 2818 996 2873 Artaxerxis
1098 2877 1101 2882 ,

126 2913 254 2974 tempora
266 2904 381 2958 deorum
391 2904 538 2960 simulacra
551 2906 681 2973 coluisse,
701 2905 772 2960 alios
784 2917 895 2972 quoque
910 2903 995 2968 locos,

125 3006 197 3060 quos
216 2990 290 3058 apud
303 2989 451 3046 nonnullos
464 2991 621 3046 invenimus
634 2995 772 3054 suctores,
789 2987 835 3040 hic
848 2987 996 3041 afferamus

126 3077 222 3145 itaque
247 3075 322 3142 quod
345 3077 467 3131 Berosus
490 3075 571 3142 dixit,
599 3073 800 3128 confirmemus.
837 3073 906 3126 Nam
933 3087 995 3140 gra·

127 3163 259 3218 sissimus
277 3163 397 3218 omniurn
415 3163 475 3218 iere
494 3175 657 3229 graecorum
670 3156 875 3223 historicorum,
893 3155 941 3223 qui
959 3155 995 3209 clo

126 3249 273 3309 Persanrm
291 3248 414 3312 motibus
433 3252 517 3320 atque
536 3244 618 3298 rebus
637 3242 728 3314 gestis
741 3241 921 3313 scripserunt,
940 3239 995 3294 He-
