2278 3760
481 237 651 296 -75..

129 411 182 464 pro
194 409 296 448 cancro
307 392 441 449 formicae
453 393 623 450 mentionem
641 391 710 448 iecit
721 393 838 448 Plinius.
865 391 1001 469 Similiter

128 485 162 534 ut
197 478 273 548 apud
299 477 479 532 Germanicas
505 484 607 547 gentes
634 484 664 534 ct
690 477 895 547 Scandinsvos,
909 479 936 546 *l
970 478 1000 533 iu

133 564 228 620 Slevis
247 579 358 634 quoque
370 563 469 619 summi
482 569 547 618 suut
558 565 691 618 momenti
700 579 883 634 magnamque
895 563 1001 620 hebent

130 649 188 704 vim
218 649 254 703 sd
284 649 515 719 superstitionem
543 665 652 718 ungues
681 656 712 706 et
740 650 836 720 capilli
865 649 999 719 depositi.

129 733 235 797 Babae,
259 732 338 800 dece,
360 749 514 804 puerperas
532 735 711 806 infantesque
735 753 807 808 quse
830 734 1001 802 intuebatur,

129 819 266 887 cuiusque
285 817 461 873 simulacrum
480 817 508 872 iu
522 817 582 874 Obo
594 819 707 875 flumine
719 821 843 891 positum
861 826 891 875 et
903 819 1000 874 multis

129 901 330 956 circumdatum
340 907 402 956 erat
411 903 604 958 instrumentis
615 904 737 973 musicis,
750 905 850 976 quibus
860 905 1000 961 interdum

129 1001 249 1056 maguus
273 987 409 1056 strepitus
441 988 536 1056 fiebat,
563 987 645 1043 homo
673 989 806 1058 quisque,
833 990 1000 1059 quicumque

131 1087 193 1126 eam
205 1071 352 1138 inviseret,
371 1070 478 1140 aliquid
491 1087 655 1128 consecrare
672 1072 803 1142 debebat,
822 1074 925 1143 quiquo
943 1079 1000 1129 tam

130 1155 214 1226 inops
239 1161 308 1224 eret,
331 1161 364 1211 ut
388 1154 458 1210 nihil
482 1155 608 1227 heberet,
634 1159 710 1228 quod
733 1159 870 1229 praebere
892 1166 1000 1230 posset,

128 1240 205 1311 pilos
229 1240 330 1298 saltem
348 1243 497 1300 nonnullos
521 1261 556 1300 ex
579 1251 661 1300 veste
684 1261 735 1300 sue
758 1243 873 1301 evulsos
895 1246 999 1302 sucrifi-

128 1326 214 1382 cabet
225 1326 296 1390 (vid.
310 1328 442 1384 Hsuusch
454 1329 524 1385 slev.
538 1330 628 1401 llytb.
641 1347 670 1401 p.
683 1331 765 1396 339.)
788 1331 875 1388 Porro
888 1339 1002 1390 nument

127 1410 215 1475 (Hsn.
235 1410 306 1467 slav.
325 1411 414 1482 llytb.
440 1431 468 1483 p.
487 1414 561 1484 340.)
585 1417 697 1482 codis,
722 1433 777 1486 quo
802 1416 880 1473 Slavi
904 1417 1000 1487 pueris

128 1496 188 1550 suis
200 1511 302 1551 nomeu
314 1504 460 1567 ponerent,
473 1500 548 1568 quod
557 1517 668 1571 semper
678 1503 799 1572 septimo
812 1503 915 1557 aetatis
928 1518 1001 1556 suno

128 1581 306 1638 sollemniter
323 1581 427 1637 fectum
451 1590 504 1653 est,
527 1601 631 1656 pueros
653 1587 708 1642 diis
733 1603 797 1642 csse
821 1591 1001 1642 consecratos

129 1683 281 1738 eorumque
300 1668 418 1738 cepillos
435 1670 542 1726 recisos
553 1677 684 1744 tanquam
703 1669 868 1727 sacrificinm
886 1670 1002 1740 templis

128 1754 227 1809 illutus
255 1769 327 1809 esse.
371 1753 470 1824 Neque
493 1757 584 1811 minus
611 1755 777 1825 superstitio
801 1755 837 1810 de
859 1755 1001 1825 unguibus

129 1841 206 1910 apud
229 1839 331 1894 Slsvos
352 1840 478 1910 vigebat.
521 1841 655 1897 Gisevius
677 1840 750 1896 enim
774 1841 881 1912 reperit
902 1841 931 1894 in
953 1857 1000 1895 sn·

52 1989 59 1998 .
129 1925 211 1994 tiquo
220 1923 371 1978 Borussico
380 1926 487 1981 tumulo
495 1927 644 1995 cingulum,
655 1925 777 1996 quinque
787 1925 868 1982 ulnss
878 1926 1001 1994 longum,

129 2009 210 2064 ouius
228 2009 257 2062 in
274 2022 346 2062 unco
364 2008 459 2065 brevis
478 2017 539 2066 erat
557 2018 664 2080 catena,
689 2027 724 2066 ex
747 2027 802 2081 quo
821 2011 1002 2084 dependebat

130 2110 217 2164 capsa
239 2092 376 2160 quadrata
401 2094 540 2154 clavicula
563 2101 666 2156 clausa.
716 2101 803 2168 Quam
827 2113 910 2166 quum
934 2111 999 2164 spe·

129 2179 243 2245 ruisset,
260 2193 370 2246 ungues
388 2177 528 2252 hominum
540 2185 658 2240 videbat
675 2186 781 2240 inditos
800 2183 908 2248 (Giscv.
920 2182 1000 2236 Neue

129 2278 240 2333 preuss.
259 2261 459 2320 Provincislbl.
479 2266 529 2322 Vl.
550 2270 625 2324 1848.
644 2287 672 2339 p.
691 2269 777 2337 334),
796 2283 868 2339 quse
887 2266 1001 2336 quidem

129 2363 217 2416 capse
233 2345 321 2401 fuisse
345 2347 550 2417 phylacterium
574 2355 696 2410 videtur.
733 2354 928 2418 Cassuborum,
952 2349 1000 2419 qui

129 2431 275 2488 Ruzsviue
298 2429 434 2502 hubitant,
462 2452 534 2506 quae
564 2441 600 2495 ad
624 2440 738 2496 Punium
761 2441 817 2495 sita
840 2444 897 2505 est,
930 2451 1000 2490 snus

129 2516 236 2572 nostris
251 2531 362 2584 quoque
375 2522 548 2590 temporibus
560 2531 737 2593 murmurent,
755 2523 909 2580 cavendum
928 2535 1000 2587 esse,

130 2621 166 2659 ne
184 2619 294 2672 ungues
316 2603 419 2659 resecti
441 2605 610 2665 abiiciantur
632 2610 682 2665 sed
704 2625 797 2679 panno
820 2607 902 2663 inditi
926 2606 1001 2660 circs

130 2699 231 2765 pectus
254 2692 410 2765 portentur,
438 2694 513 2762 quod
539 2695 594 2751 nisi
618 2695 676 2763 list,
699 2699 766 2764 post
791 2699 909 2749 mortem
936 2705 1000 2746 esse

131 2782 309 2850 quaerendos
337 2775 463 2839 (Mennh.
492 2778 584 2836 Germ.
613 2777 702 2850 Myth.
729 2797 757 2850 p.
785 2779 861 2848 630.)
890 2792 1001 2846 ungues

131 2866 259 2928 amissos.
296 2867 375 2922 Nunc
393 2863 478 2918 etiem
495 2864 594 2920 Russis
613 2869 658 2919 est
675 2879 746 2932 mos,
761 2869 793 2918 ut
812 2863 939 2933 aegrotis
950 2877 1000 2915 un-

131 2967 202 3020 gues
220 2951 348 3014 recidant
366 2968 381 3007 e
394 2949 515 3027 pedibus
533 2955 563 3004 et
574 2947 682 3017 digitis,
700 2948 747 3018 qui
760 2948 789 3002 in
802 2964 858 3004 ovo
869 2945 1002 3019 perfosso

130 3075 333 3085 —u--—

148 3139 177 3204 *J
199 3143 250 3193 vid.
278 3144 369 3194 lslend.
403 3131 486 3202 Sagen
518 3124 562 3192 d'cr
588 3142 740 3202 Gegsnwurt
771 3155 818 3189 von
850 3141 893 3190 Dr.
920 3139 1001 3192 Kour·

199 3211 306 3275 mame,
324 3226 347 3275 p.
365 3213 406 3265 Θῆ.
