<?xml version="1.0" encoding="UTF-8"?>
<!DOCTYPE html PUBLIC "-//W3C//DTD XHTML 1.0 Transitional//EN"
    "http://www.w3.org/TR/xhtml1/DTD/xhtml1-transitional.dtd">
<html xmlns="http://www.w3.org/1999/xhtml" xml:lang="en" lang="en">
 <head>
  <title>
</title>
<meta http-equiv="Content-Type" content="text/html;charset=utf-8" />
  <meta name='ocr-system' content='tesseract 3.04.00' />
  <meta name='ocr-capabilities' content='ocr_page ocr_carea ocr_par ocr_line ocrx_word'/>
</head>
<body>
  <div class='ocr_page' id='page_1' title='image "./decommunietsimp00lipsgoog_0065.png"; bbox 0 0 2278 3760; ppageno 0'>
   <div class='ocr_carea' id='block_1_1' title="bbox 477 230 647 284">
    <p class='ocr_par' dir='ltr' id='par_1_1' title="bbox 477 230 647 284">
     <span class='ocr_line' id='line_1_1' title="bbox 477 230 647 284; baseline 0 -17"><span class='ocrx_word' id='word_1_1' title='bbox 477 230 647 284; x_wconf 70' lang='lat'>..55-</span> 
     </span>
    </p>
   </div>
   <div class='ocr_carea' id='block_1_2' title="bbox 129 381 1011 3168">
    <p class='ocr_par' dir='ltr' id='par_1_2' title="bbox 129 381 1011 3168">
     <span class='ocr_line' id='line_1_2' title="bbox 129 381 1001 451; baseline -0.003 -15"><span class='ocrx_word' id='word_1_2' title='bbox 129 387 213 450; x_wconf 86' lang='lat' dir='ltr'>atque</span> <span class='ocrx_word' id='word_1_3' title='bbox 238 382 266 436; x_wconf 91' lang='lat' dir='ltr'>in</span> <span class='ocrx_word' id='word_1_4' title='bbox 290 397 417 451; x_wconf 90' lang='lat' dir='ltr'>maguam</span> <span class='ocrx_word' id='word_1_5' title='bbox 442 389 472 436; x_wconf 88' lang='lat' dir='ltr'>et</span> <span class='ocrx_word' id='word_1_6' title='bbox 495 381 669 450; x_wconf 82' lang='lat' dir='ltr'>splendidam</span> <span class='ocrx_word' id='word_1_7' title='bbox 688 385 878 451; x_wconf 87' lang='lat' dir='ltr'>pervenemnt</span> <span class='ocrx_word' id='word_1_8' title='bbox 895 382 1001 437; x_wconf 88' lang='lat' dir='ltr'>urbem.</span> 
     </span>
     <span class='ocr_line' id='line_1_3' title="bbox 130 466 1001 536; baseline -0.001 -15"><span class='ocrx_word' id='word_1_9' title='bbox 130 467 184 521; x_wconf 88' lang='lat' dir='ltr'>Hie</span> <span class='ocrx_word' id='word_1_10' title='bbox 208 483 257 521; x_wconf 87' lang='lat' dir='ltr'>rex</span> <span class='ocrx_word' id='word_1_11' title='bbox 282 466 393 535; x_wconf 88' lang='lat' dir='ltr'>quidam</span> <span class='ocrx_word' id='word_1_12' title='bbox 418 466 583 534; x_wconf 87' lang='lat' dir='ltr'>ditissimus,</span> <span class='ocrx_word' id='word_1_13' title='bbox 610 467 658 534; x_wconf 89' lang='lat' dir='ltr'>qui</span> <span class='ocrx_word' id='word_1_14' title='bbox 681 481 820 536; x_wconf 78' lang='lat' dir='ltr'>persaepe</span> <span class='ocrx_word' id='word_1_15' title='bbox 842 483 859 520; x_wconf 88' lang='lat' dir='ltr'>a</span> <span class='ocrx_word' id='word_1_16' title='bbox 880 466 1001 520; x_wconf 86' lang='lat' dir='ltr'>dracone</span> 
     </span>
     <span class='ocr_line' id='line_1_4' title="bbox 131 547 1001 621; baseline -0.006 -14"><span class='ocrx_word' id='word_1_17' title='bbox 131 553 295 619; x_wconf 79' lang='lat' dir='ltr'>vexabatur,</span> <span class='ocrx_word' id='word_1_18' title='bbox 322 551 563 621; x_wconf 82' lang='lat' dir='ltr'>pronuntiaverat,</span> <span class='ocrx_word' id='word_1_19' title='bbox 592 568 662 618; x_wconf 87' lang='lat' dir='ltr'>eum,</span> <span class='ocrx_word' id='word_1_20' title='bbox 690 551 737 619; x_wconf 86' lang='lat' dir='ltr'>qui</span> <span class='ocrx_word' id='word_1_21' title='bbox 760 553 914 604; x_wconf 88' lang='lat' dir='ltr'>monstrum</span> <span class='ocrx_word' id='word_1_22' title='bbox 932 547 1001 603; x_wconf 89' lang='lat' dir='ltr'>illud</span> 
     </span>
     <span class='ocr_line' id='line_1_5' title="bbox 130 633 1002 706; baseline -0.005 -14"><span class='ocrx_word' id='word_1_23' title='bbox 130 637 275 704; x_wconf 76' lang='lat' dir='ltr'>occiderit,</span> <span class='ocrx_word' id='word_1_24' title='bbox 300 653 437 706; x_wconf 84' lang='lat' dir='ltr'>generum</span> <span class='ocrx_word' id='word_1_25' title='bbox 463 653 541 690; x_wconf 90' lang='lat' dir='ltr'>suum</span> <span class='ocrx_word' id='word_1_26' title='bbox 565 635 635 691; x_wconf 86' lang='lat' dir='ltr'>lore.</span> <span class='ocrx_word' id='word_1_27' title='bbox 673 636 786 690; x_wconf 80' lang='lat' dir='ltr'>Fratres</span> <span class='ocrx_word' id='word_1_28' title='bbox 805 633 875 688; x_wconf 86' lang='lat' dir='ltr'>hane</span> <span class='ocrx_word' id='word_1_29' title='bbox 893 635 1002 703; x_wconf 85' lang='lat' dir='ltr'>perieu-</span> 
     </span>
     <span class='ocr_line' id='line_1_6' title="bbox 132 719 1002 792; baseline -0.002 -18"><span class='ocrx_word' id='word_1_30' title='bbox 132 721 219 776; x_wconf 88' lang='lat' dir='ltr'>losam</span> <span class='ocrx_word' id='word_1_31' title='bbox 237 737 359 791; x_wconf 88' lang='lat' dir='ltr'>pugnam</span> <span class='ocrx_word' id='word_1_32' title='bbox 378 720 501 774; x_wconf 90' lang='lat' dir='ltr'>inierunt</span> <span class='ocrx_word' id='word_1_33' title='bbox 519 727 604 792; x_wconf 86' lang='lat' dir='ltr'>atque</span> <span class='ocrx_word' id='word_1_34' title='bbox 622 721 731 789; x_wconf 86' lang='lat' dir='ltr'>ingenti</span> <span class='ocrx_word' id='word_1_35' title='bbox 755 737 805 776; x_wconf 86' lang='lat' dir='ltr'>sua</span> <span class='ocrx_word' id='word_1_36' title='bbox 823 719 950 788; x_wconf 86' lang='lat' dir='ltr'>eorporis</span> <span class='ocrx_word' id='word_1_37' title='bbox 974 719 1002 773; x_wconf 90' lang='lat' dir='ltr'>vi</span> 
     </span>
     <span class='ocr_line' id='line_1_7' title="bbox 134 804 1003 868; baseline -0.005 -7"><span class='ocrx_word' id='word_1_38' title='bbox 134 813 164 861; x_wconf 92' lang='lat' dir='ltr'>et</span> <span class='ocrx_word' id='word_1_39' title='bbox 182 805 284 860; x_wconf 88' lang='lat' dir='ltr'>ealeeis</span> <span class='ocrx_word' id='word_1_40' title='bbox 303 804 445 860; x_wconf 86' lang='lat' dir='ltr'>milliariis</span> <span class='ocrx_word' id='word_1_41' title='bbox 462 805 551 858; x_wconf 88' lang='lat' dir='ltr'>adiuti</span> <span class='ocrx_word' id='word_1_42' title='bbox 565 805 713 860; x_wconf 82' lang='lat' dir='ltr'>draconem</span> <span class='ocrx_word' id='word_1_43' title='bbox 726 805 900 860; x_wconf 82' lang='lat' dir='ltr'>devicerunt.</span> <span class='ocrx_word' id='word_1_44' title='bbox 938 804 1003 868; x_wconf 79' lang='lat' dir='ltr'>Qui-</span> 
     </span>
     <span class='ocr_line' id='line_1_8' title="bbox 132 889 1004 946; baseline -0.001 -1"><span class='ocrx_word' id='word_1_45' title='bbox 132 892 184 945; x_wconf 86' lang='lat' dir='ltr'>bus</span> <span class='ocrx_word' id='word_1_46' title='bbox 208 889 292 944; x_wconf 83' lang='lat' dir='ltr'>saetis</span> <span class='ocrx_word' id='word_1_47' title='bbox 316 906 365 944; x_wconf 86' lang='lat' dir='ltr'>rex</span> <span class='ocrx_word' id='word_1_48' title='bbox 390 889 524 944; x_wconf 85' lang='lat' dir='ltr'>fratribus</span> <span class='ocrx_word' id='word_1_49' title='bbox 551 890 625 946; x_wconf 88' lang='lat' dir='ltr'>filias</span> <span class='ocrx_word' id='word_1_50' title='bbox 649 891 719 944; x_wconf 86' lang='lat' dir='ltr'>drras</span> <span class='ocrx_word' id='word_1_51' title='bbox 743 889 824 944; x_wconf 84' lang='lat' dir='ltr'>dedit</span> <span class='ocrx_word' id='word_1_52' title='bbox 848 905 951 944; x_wconf 87' lang='lat' dir='ltr'>uxores</span> <span class='ocrx_word' id='word_1_53' title='bbox 976 889 1004 944; x_wconf 93' lang='lat' dir='ltr'>iu</span> 
     </span>
     <span class='ocr_line' id='line_1_9' title="bbox 132 974 870 1044; baseline -0.001 -14"><span class='ocrx_word' id='word_1_54' title='bbox 132 975 337 1030; x_wconf 85' lang='lat' dir='ltr'>matrimonium</span> <span class='ocrx_word' id='word_1_55' title='bbox 356 989 461 1042; x_wconf 88' lang='lat' dir='ltr'>eosque</span> <span class='ocrx_word' id='word_1_56' title='bbox 479 981 613 1044; x_wconf 90' lang='lat' dir='ltr'>potentes</span> <span class='ocrx_word' id='word_1_57' title='bbox 632 974 701 1030; x_wconf 87' lang='lat' dir='ltr'>feeit</span> <span class='ocrx_word' id='word_1_58' title='bbox 718 975 870 1044; x_wconf 85' lang='lat' dir='ltr'>principes.</span> 
     </span>
     <span class='ocr_line' id='line_1_10' title="bbox 200 1059 1004 1128; baseline 0 -14"><span class='ocrx_word' id='word_1_59' title='bbox 200 1059 321 1114; x_wconf 89' lang='lat' dir='ltr'>XXXV.</span> <span class='ocrx_word' id='word_1_60' title='bbox 358 1059 457 1128; x_wconf 86' lang='lat' dir='ltr'>Neque</span> <span class='ocrx_word' id='word_1_61' title='bbox 476 1060 651 1115; x_wconf 79' lang='lat' dir='ltr'>Americanis</span> <span class='ocrx_word' id='word_1_62' title='bbox 670 1060 807 1116; x_wconf 90' lang='lat' dir='ltr'>eiusmodi</span> <span class='ocrx_word' id='word_1_63' title='bbox 828 1059 938 1114; x_wconf 86' lang='lat' dir='ltr'>fabulas</span> <span class='ocrx_word' id='word_1_64' title='bbox 957 1059 1004 1114; x_wconf 91' lang='lat' dir='ltr'>de·</span> 
     </span>
     <span class='ocr_line' id='line_1_11' title="bbox 133 1143 1005 1214; baseline -0.001 -15"><span class='ocrx_word' id='word_1_65' title='bbox 133 1145 229 1214; x_wconf 81' lang='lat' dir='ltr'>fuisse,</span> <span class='ocrx_word' id='word_1_66' title='bbox 254 1161 309 1199; x_wconf 93' lang='lat' dir='ltr'>non</span> <span class='ocrx_word' id='word_1_67' title='bbox 329 1145 391 1212; x_wconf 89' lang='lat' dir='ltr'>erit,</span> <span class='ocrx_word' id='word_1_68' title='bbox 410 1145 486 1213; x_wconf 80' lang='lat' dir='ltr'>quod</span> <span class='ocrx_word' id='word_1_69' title='bbox 504 1143 632 1214; x_wconf 90' lang='lat' dir='ltr'>pluribus</span> <span class='ocrx_word' id='word_1_70' title='bbox 650 1145 748 1210; x_wconf 85' lang='lat' dir='ltr'>diuam,</span> <span class='ocrx_word' id='word_1_71' title='bbox 773 1143 869 1212; x_wconf 85' lang='lat' dir='ltr'>itaque</span> <span class='ocrx_word' id='word_1_72' title='bbox 888 1161 924 1199; x_wconf 84' lang='lat' dir='ltr'>ex</span> <span class='ocrx_word' id='word_1_73' title='bbox 943 1143 1005 1198; x_wconf 93' lang='lat' dir='ltr'>illo-</span> 
     </span>
     <span class='ocr_line' id='line_1_12' title="bbox 132 1228 1004 1299; baseline -0.005 -15"><span class='ocrx_word' id='word_1_74' title='bbox 132 1247 191 1284; x_wconf 91' lang='lat' dir='ltr'>rum</span> <span class='ocrx_word' id='word_1_75' title='bbox 209 1229 292 1299; x_wconf 88' lang='lat' dir='ltr'>oopia</span> <span class='ocrx_word' id='word_1_76' title='bbox 310 1229 464 1284; x_wconf 86' lang='lat' dir='ltr'>fabularum</span> <span class='ocrx_word' id='word_1_77' title='bbox 483 1229 631 1284; x_wconf 89' lang='lat' dir='ltr'>nonnullas</span> <span class='ocrx_word' id='word_1_78' title='bbox 655 1230 738 1284; x_wconf 79' lang='lat' dir='ltr'>niodo</span> <span class='ocrx_word' id='word_1_79' title='bbox 761 1229 884 1284; x_wconf 86' lang='lat' dir='ltr'>eximere</span> <span class='ocrx_word' id='word_1_80' title='bbox 909 1228 1004 1283; x_wconf 86' lang='lat' dir='ltr'>lieeat.</span> 
     </span>
     <span class='ocr_line' id='line_1_13' title="bbox 132 1313 1006 1384; baseline -0.005 -16"><span class='ocrx_word' id='word_1_81' title='bbox 132 1315 237 1370; x_wconf 87' lang='lat' dir='ltr'>Iroeesi</span> <span class='ocrx_word' id='word_1_82' title='bbox 263 1313 374 1379; x_wconf 79' lang='lat' dir='ltr'>(Mulier</span> <span class='ocrx_word' id='word_1_83' title='bbox 399 1314 433 1367; x_wconf 84' lang='lat' dir='ltr'>A.</span> <span class='ocrx_word' id='word_1_84' title='bbox 459 1313 492 1380; x_wconf 75' lang='lat' dir='ltr'>U,</span> <span class='ocrx_word' id='word_1_85' title='bbox 518 1331 545 1383; x_wconf 93' lang='lat' dir='ltr'>p.</span> <span class='ocrx_word' id='word_1_86' title='bbox 569 1313 624 1380; x_wconf 80' lang='grc'>47.)</span> <span class='ocrx_word' id='word_1_87' title='bbox 652 1313 774 1382; x_wconf 88' lang='lat' dir='ltr'>tradunt,</span> <span class='ocrx_word' id='word_1_88' title='bbox 802 1321 892 1370; x_wconf 90' lang='lat' dir='ltr'>semet</span> <span class='ocrx_word' id='word_1_89' title='bbox 918 1315 1006 1384; x_wconf 57' lang='lat' dir='ltr'>ipsos,</span> 
     </span>
     <span class='ocr_line' id='line_1_14' title="bbox 133 1397 1007 1470; baseline -0.001 -16"><span class='ocrx_word' id='word_1_90' title='bbox 133 1417 217 1470; x_wconf 90' lang='lat' dir='ltr'>quum</span> <span class='ocrx_word' id='word_1_91' title='bbox 231 1400 266 1454; x_wconf 88' lang='lat' dir='ltr'>ad</span> <span class='ocrx_word' id='word_1_92' title='bbox 279 1401 433 1454; x_wconf 89' lang='lat' dir='ltr'>Lorenzum</span> <span class='ocrx_word' id='word_1_93' title='bbox 444 1398 545 1452; x_wconf 88' lang='lat' dir='ltr'>flumen</span> <span class='ocrx_word' id='word_1_94' title='bbox 555 1397 723 1465; x_wconf 82' lang='lat' dir='ltr'>habitarent,</span> <span class='ocrx_word' id='word_1_95' title='bbox 742 1398 888 1468; x_wconf 89' lang='lat' dir='ltr'>agigante</span> <span class='ocrx_word' id='word_1_96' title='bbox 902 1399 1007 1467; x_wconf 82' lang='lat' dir='ltr'>aliquo,</span> 
     </span>
     <span class='ocr_line' id='line_1_15' title="bbox 138 1481 1008 1548; baseline -0.002 -8"><span class='ocrx_word' id='word_1_97' title='bbox 138 1487 317 1540; x_wconf 82' lang='lat' dir='ltr'>Rouonneea</span> <span class='ocrx_word' id='word_1_98' title='bbox 339 1482 490 1548; x_wconf 86' lang='lat' dir='ltr'>nominato,</span> <span class='ocrx_word' id='word_1_99' title='bbox 518 1498 581 1536; x_wconf 86' lang='lat' dir='ltr'>esse</span> <span class='ocrx_word' id='word_1_100' title='bbox 606 1481 768 1538; x_wconf 81' lang='lat' dir='ltr'>afflictatus.</span> <span class='ocrx_word' id='word_1_101' title='bbox 810 1483 879 1538; x_wconf 85' lang='lat' dir='ltr'>Tum</span> <span class='ocrx_word' id='word_1_102' title='bbox 904 1501 921 1537; x_wconf 88' lang='lat' dir='ltr'>a</span> <span class='ocrx_word' id='word_1_103' title='bbox 946 1485 1008 1538; x_wconf 87' lang='lat' dir='ltr'>viro</span> 
     </span>
     <span class='ocr_line' id='line_1_16' title="bbox 135 1567 1007 1640; baseline -0.005 -14"><span class='ocrx_word' id='word_1_104' title='bbox 135 1571 255 1640; x_wconf 88' lang='lat' dir='ltr'>quodam</span> <span class='ocrx_word' id='word_1_105' title='bbox 285 1567 441 1624; x_wconf 85' lang='lat' dir='ltr'>fortissimo</span> <span class='ocrx_word' id='word_1_106' title='bbox 476 1575 504 1621; x_wconf 89' lang='lat' dir='ltr'>et</span> <span class='ocrx_word' id='word_1_107' title='bbox 534 1567 763 1636; x_wconf 87' lang='lat' dir='ltr'>prudentissimo,</span> <span class='ocrx_word' id='word_1_108' title='bbox 800 1569 930 1623; x_wconf 89' lang='lat' dir='ltr'>latoueta</span> <span class='ocrx_word' id='word_1_109' title='bbox 959 1569 1007 1638; x_wconf 84' lang='lat' dir='ltr'>qui</span> 
     </span>
     <span class='ocr_line' id='line_1_17' title="bbox 138 1649 1008 1720; baseline -0.003 -7"><span class='ocrx_word' id='word_1_110' title='bbox 138 1655 299 1720; x_wconf 79' lang='lat' dir='ltr'>vocabatur,</span> <span class='ocrx_word' id='word_1_111' title='bbox 329 1652 465 1709; x_wconf 88' lang='lat' dir='ltr'>liberatos</span> <span class='ocrx_word' id='word_1_112' title='bbox 490 1649 683 1706; x_wconf 87' lang='lat' dir='ltr'>Shotroweam</span> <span class='ocrx_word' id='word_1_113' title='bbox 710 1649 820 1708; x_wconf 84' lang='lat' dir='ltr'>hostem</span> <span class='ocrx_word' id='word_1_114' title='bbox 847 1654 1008 1718; x_wconf 75' lang='lat' dir='ltr'>narravisse,</span> 
     </span>
     <span class='ocr_line' id='line_1_18' title="bbox 135 1736 1009 1810; baseline -0.002 -15"><span class='ocrx_word' id='word_1_115' title='bbox 135 1741 183 1810; x_wconf 84' lang='lat' dir='ltr'>qui</span> <span class='ocrx_word' id='word_1_116' title='bbox 202 1740 280 1809; x_wconf 88' lang='lat' dir='ltr'>ipsos</span> <span class='ocrx_word' id='word_1_117' title='bbox 291 1740 373 1807; x_wconf 66' lang='lat' dir='ltr'>{trans</span> <span class='ocrx_word' id='word_1_118' title='bbox 391 1737 492 1791; x_wconf 86' lang='lat' dir='ltr'>flumen</span> <span class='ocrx_word' id='word_1_119' title='bbox 506 1736 657 1805; x_wconf 81' lang='lat' dir='ltr'>fugaverit.</span> <span class='ocrx_word' id='word_1_120' title='bbox 686 1737 793 1802; x_wconf 83' lang='lat' dir='ltr'>Quibus</span> <span class='ocrx_word' id='word_1_121' title='bbox 806 1737 890 1794; x_wconf 83' lang='lat' dir='ltr'>factis</span> <span class='ocrx_word' id='word_1_122' title='bbox 903 1756 1009 1808; x_wconf 88' lang='lat' dir='ltr'>aprum,</span> 
     </span>
     <span class='ocr_line' id='line_1_19' title="bbox 136 1820 1009 1893; baseline 0 -14"><span class='ocrx_word' id='word_1_123' title='bbox 136 1825 258 1893; x_wconf 85' lang='lat' dir='ltr'>denique</span> <span class='ocrx_word' id='word_1_124' title='bbox 282 1825 426 1892; x_wconf 88' lang='lat' dir='ltr'>ingentem</span> <span class='ocrx_word' id='word_1_125' title='bbox 449 1820 667 1888; x_wconf 85' lang='lat' dir='ltr'>horribilemque</span> <span class='ocrx_word' id='word_1_126' title='bbox 692 1821 755 1877; x_wconf 86' lang='lat' dir='ltr'>visu</span> <span class='ocrx_word' id='word_1_127' title='bbox 784 1839 902 1890; x_wconf 83' lang='lat' dir='ltr'>anguem</span> <span class='ocrx_word' id='word_1_128' title='bbox 930 1824 1009 1893; x_wconf 86' lang='lat' dir='ltr'>ipsos</span> 
     </span>
     <span class='ocr_line' id='line_1_20' title="bbox 136 1907 1009 1979; baseline 0 -15"><span class='ocrx_word' id='word_1_129' title='bbox 136 1911 283 1979; x_wconf 84' lang='lat' dir='ltr'>fatigasse.</span> <span class='ocrx_word' id='word_1_130' title='bbox 325 1908 382 1962; x_wconf 85' lang='lat' dir='ltr'>Sed</span> <span class='ocrx_word' id='word_1_131' title='bbox 405 1913 565 1976; x_wconf 86' lang='lat' dir='ltr'>serpentem</span> <span class='ocrx_word' id='word_1_132' title='bbox 587 1912 700 1960; x_wconf 88' lang='lat' dir='ltr'>narrant</span> <span class='ocrx_word' id='word_1_133' title='bbox 725 1907 848 1962; x_wconf 85' lang='lat' dir='ltr'>fulminis</span> <span class='ocrx_word' id='word_1_134' title='bbox 867 1908 925 1963; x_wconf 92' lang='lat' dir='ltr'>ietu</span> <span class='ocrx_word' id='word_1_135' title='bbox 944 1926 1009 1964; x_wconf 89' lang='lat' dir='ltr'>esse</span> 
     </span>
     <span class='ocr_line' id='line_1_21' title="bbox 136 1990 1010 2062; baseline 0 -14"><span class='ocrx_word' id='word_1_136' title='bbox 136 1998 273 2048; x_wconf 81' lang='lat' dir='ltr'>necatum.</span> <span class='ocrx_word' id='word_1_137' title='bbox 320 1991 411 2056; x_wconf 81' lang='lat' dir='ltr'>Quare</span> <span class='ocrx_word' id='word_1_138' title='bbox 436 1990 501 2058; x_wconf 88' lang='lat' dir='ltr'>quis</span> <span class='ocrx_word' id='word_1_139' title='bbox 530 1991 643 2045; x_wconf 88' lang='lat' dir='ltr'>tandem</span> <span class='ocrx_word' id='word_1_140' title='bbox 672 2007 716 2044; x_wconf 90' lang='lat' dir='ltr'>me</span> <span class='ocrx_word' id='word_1_141' title='bbox 743 1991 932 2062; x_wconf 88' lang='lat' dir='ltr'>reprehendat</span> <span class='ocrx_word' id='word_1_142' title='bbox 960 2001 1010 2048; x_wconf 88' lang='lat' dir='ltr'>aut</span> 
     </span>
     <span class='ocr_line' id='line_1_22' title="bbox 136 2075 1011 2148; baseline 0 -16"><span class='ocrx_word' id='word_1_143' title='bbox 136 2078 200 2148; x_wconf 87' lang='lat' dir='ltr'>quis</span> <span class='ocrx_word' id='word_1_144' title='bbox 219 2075 285 2130; x_wconf 93' lang='lat' dir='ltr'>mihi</span> <span class='ocrx_word' id='word_1_145' title='bbox 306 2077 365 2131; x_wconf 89' lang='lat' dir='ltr'>iure</span> <span class='ocrx_word' id='word_1_146' title='bbox 384 2083 556 2144; x_wconf 85' lang='lat' dir='ltr'>succenseat,</span> <span class='ocrx_word' id='word_1_147' title='bbox 576 2076 600 2131; x_wconf 87' lang='lat' dir='ltr'>si</span> <span class='ocrx_word' id='word_1_148' title='bbox 619 2075 670 2130; x_wconf 90' lang='lat' dir='ltr'>hae</span> <span class='ocrx_word' id='word_1_149' title='bbox 688 2076 717 2129; x_wconf 93' lang='lat' dir='ltr'>in</span> <span class='ocrx_word' id='word_1_150' title='bbox 727 2076 901 2132; x_wconf 87' lang='lat' dir='ltr'>lrooesorum</span> <span class='ocrx_word' id='word_1_151' title='bbox 914 2077 1011 2134; x_wconf 81' lang='lat' dir='ltr'>fabula</span> 
     </span>
     <span class='ocr_line' id='line_1_23' title="bbox 136 2161 1010 2233; baseline 0.003 -16"><span class='ocrx_word' id='word_1_152' title='bbox 136 2163 219 2233; x_wconf 89' lang='lat' dir='ltr'>plane</span> <span class='ocrx_word' id='word_1_153' title='bbox 233 2161 371 2218; x_wconf 86' lang='lat' dir='ltr'>redditam</span> <span class='ocrx_word' id='word_1_154' title='bbox 385 2178 447 2217; x_wconf 87' lang='lat' dir='ltr'>esse</span> <span class='ocrx_word' id='word_1_155' title='bbox 462 2163 653 2218; x_wconf 84' lang='lat' dir='ltr'>Gerrnanieanr</span> <span class='ocrx_word' id='word_1_156' title='bbox 673 2163 838 2218; x_wconf 84' lang='lat' dir='ltr'>relationem</span> <span class='ocrx_word' id='word_1_157' title='bbox 851 2163 887 2217; x_wconf 93' lang='lat' dir='ltr'>de</span> <span class='ocrx_word' id='word_1_158' title='bbox 901 2162 1010 2220; x_wconf 89' lang='lat' dir='ltr'>Thorro</span> 
     </span>
     <span class='ocr_line' id='line_1_24' title="bbox 137 2247 1005 2317; baseline 0 -13"><span class='ocrx_word' id='word_1_159' title='bbox 137 2255 167 2304; x_wconf 88' lang='lat' dir='ltr'>et</span> <span class='ocrx_word' id='word_1_160' title='bbox 196 2247 344 2317; x_wconf 87' lang='lat' dir='ltr'>Midgardo</span> <span class='ocrx_word' id='word_1_161' title='bbox 373 2263 464 2315; x_wconf 88' lang='lat' dir='ltr'>angue</span> <span class='ocrx_word' id='word_1_162' title='bbox 494 2254 579 2317; x_wconf 92' lang='lat' dir='ltr'>puto:</span> <span class='ocrx_word' id='word_1_163' title='bbox 615 2249 685 2303; x_wconf 88' lang='lat' dir='ltr'>satis</span> <span class='ocrx_word' id='word_1_164' title='bbox 716 2248 788 2302; x_wconf 92' lang='lat' dir='ltr'>enim</span> <span class='ocrx_word' id='word_1_165' title='bbox 818 2255 916 2303; x_wconf 89' lang='lat' dir='ltr'>notum</span> <span class='ocrx_word' id='word_1_166' title='bbox 952 2256 1005 2316; x_wconf 88' lang='lat' dir='ltr'>est,</span> 
     </span>
     <span class='ocr_line' id='line_1_25' title="bbox 139 2332 1009 2402; baseline 0.002 -15"><span class='ocrx_word' id='word_1_167' title='bbox 139 2332 283 2401; x_wconf 81' lang='lat' dir='ltr'>Thorium,</span> <span class='ocrx_word' id='word_1_168' title='bbox 302 2334 377 2402; x_wconf 90' lang='lat' dir='ltr'>quod</span> <span class='ocrx_word' id='word_1_169' title='bbox 387 2333 499 2401; x_wconf 88' lang='lat' dir='ltr'>quidem</span> <span class='ocrx_word' id='word_1_170' title='bbox 509 2351 609 2389; x_wconf 92' lang='lat' dir='ltr'>nomen</span> <span class='ocrx_word' id='word_1_171' title='bbox 622 2335 683 2389; x_wconf 90' lang='lat' dir='ltr'>eius</span> <span class='ocrx_word' id='word_1_172' title='bbox 693 2333 843 2402; x_wconf 84' lang='lat' dir='ltr'>signifieat,</span> <span class='ocrx_word' id='word_1_173' title='bbox 855 2334 1009 2389; x_wconf 89' lang='lat' dir='ltr'>tonitrunm</span> 
     </span>
     <span class='ocr_line' id='line_1_26' title="bbox 140 2418 1010 2488; baseline 0.002 -16"><span class='ocrx_word' id='word_1_174' title='bbox 140 2418 230 2474; x_wconf 83' lang='lat' dir='ltr'>fuisse</span> <span class='ocrx_word' id='word_1_175' title='bbox 249 2435 358 2474; x_wconf 89' lang='lat' dir='ltr'>numen.</span> <span class='ocrx_word' id='word_1_176' title='bbox 395 2420 525 2488; x_wconf 82' lang='lat' dir='ltr'>Anguem</span> <span class='ocrx_word' id='word_1_177' title='bbox 550 2437 618 2475; x_wconf 83' lang='lat' dir='ltr'>rere</span> <span class='ocrx_word' id='word_1_178' title='bbox 642 2437 677 2474; x_wconf 86' lang='lat' dir='ltr'>ex</span> <span class='ocrx_word' id='word_1_179' title='bbox 696 2419 926 2473; x_wconf 88' lang='lat' dir='ltr'>Amer·ieanorum</span> <span class='ocrx_word' id='word_1_180' title='bbox 949 2437 1010 2474; x_wconf 89' lang='lat' dir='ltr'>seu-</span> 
     </span>
     <span class='ocr_line' id='line_1_27' title="bbox 139 2503 1010 2574; baseline -0.002 -14"><span class='ocrx_word' id='word_1_181' title='bbox 139 2505 230 2560; x_wconf 89' lang='lat' dir='ltr'>tentia</span> <span class='ocrx_word' id='word_1_182' title='bbox 253 2519 343 2574; x_wconf 84' lang='lat' dir='ltr'>aeque</span> <span class='ocrx_word' id='word_1_183' title='bbox 373 2522 406 2560; x_wconf 88' lang='lat' dir='ltr'>ae</span> <span class='ocrx_word' id='word_1_184' title='bbox 430 2505 624 2560; x_wconf 81' lang='lat' dir='ltr'>Germanicum</span> <span class='ocrx_word' id='word_1_185' title='bbox 654 2504 731 2559; x_wconf 90' lang='lat' dir='ltr'>illurn</span> <span class='ocrx_word' id='word_1_186' title='bbox 749 2503 925 2573; x_wconf 87' lang='lat' dir='ltr'>Midgardum</span> <span class='ocrx_word' id='word_1_187' title='bbox 953 2521 1010 2560; x_wconf 89' lang='lat' dir='ltr'>ser-</span> 
     </span>
     <span class='ocr_line' id='line_1_28' title="bbox 137 2587 1010 2660; baseline -0.001 -14"><span class='ocrx_word' id='word_1_188' title='bbox 137 2595 319 2660; x_wconf 87' lang='lat' dir='ltr'>pentemeum</span> <span class='ocrx_word' id='word_1_189' title='bbox 327 2595 554 2658; x_wconf 82' lang='lat' dir='ltr'>aquaeognatum</span> <span class='ocrx_word' id='word_1_190' title='bbox 563 2587 661 2657; x_wconf 90' lang='lat' dir='ltr'>habeo,</span> <span class='ocrx_word' id='word_1_191' title='bbox 669 2587 1010 2658; x_wconf 84' lang='lat' dir='ltr'>idquodmanifestoeog·</span> 
     </span>
     <span class='ocr_line' id='line_1_29' title="bbox 138 2673 1010 2745; baseline -0.002 -15"><span class='ocrx_word' id='word_1_192' title='bbox 138 2676 216 2731; x_wconf 90' lang='lat' dir='ltr'>nosei</span> <span class='ocrx_word' id='word_1_193' title='bbox 243 2681 341 2745; x_wconf 90' lang='lat' dir='ltr'>potest</span> <span class='ocrx_word' id='word_1_194' title='bbox 368 2691 402 2729; x_wconf 88' lang='lat' dir='ltr'>ex</span> <span class='ocrx_word' id='word_1_195' title='bbox 427 2673 636 2745; x_wconf 75' lang='lat' dir='ltr'>Uhippavorum</span> <span class='ocrx_word' id='word_1_196' title='bbox 661 2675 780 2742; x_wconf 88' lang='lat' dir='ltr'>quadam</span> <span class='ocrx_word' id='word_1_197' title='bbox 809 2673 913 2729; x_wconf 81' lang='lat' dir='ltr'>sabula.</span> <span class='ocrx_word' id='word_1_198' title='bbox 957 2675 1010 2740; x_wconf 82' lang='lat' dir='ltr'>Qui</span> 
     </span>
     <span class='ocr_line' id='line_1_30' title="bbox 139 2759 1011 2830; baseline 0 -16"><span class='ocrx_word' id='word_1_199' title='bbox 139 2759 251 2829; x_wconf 88' lang='lat' dir='ltr'>quidem</span> <span class='ocrx_word' id='word_1_200' title='bbox 265 2759 398 2826; x_wconf 83' lang='lat' dir='ltr'>referunt,</span> <span class='ocrx_word' id='word_1_201' title='bbox 417 2759 554 2815; x_wconf 92' lang='lat' dir='ltr'>diluvium</span> <span class='ocrx_word' id='word_1_202' title='bbox 569 2775 670 2829; x_wconf 88' lang='lat' dir='ltr'>magno</span> <span class='ocrx_word' id='word_1_203' title='bbox 687 2767 778 2814; x_wconf 90' lang='lat' dir='ltr'>ortum</span> <span class='ocrx_word' id='word_1_204' title='bbox 792 2775 855 2814; x_wconf 89' lang='lat' dir='ltr'>esse</span> <span class='ocrx_word' id='word_1_205' title='bbox 870 2767 1011 2830; x_wconf 81' lang='lat' dir='ltr'>serpente,</span> 
     </span>
     <span class='ocr_line' id='line_1_31' title="bbox 139 2843 1011 2912; baseline 0 -14"><span class='ocrx_word' id='word_1_206' title='bbox 139 2843 378 2900; x_wconf 85' lang='lat' dir='ltr'>llanoboahonem</span> <span class='ocrx_word' id='word_1_207' title='bbox 408 2859 476 2900; x_wconf 90' lang='lat' dir='ltr'>vero</span> <span class='ocrx_word' id='word_1_208' title='bbox 507 2843 558 2898; x_wconf 87' lang='lat' dir='ltr'>sub</span> <span class='ocrx_word' id='word_1_209' title='bbox 591 2844 716 2912; x_wconf 86' lang='lat' dir='ltr'>ingentis</span> <span class='ocrx_word' id='word_1_210' title='bbox 746 2843 851 2912; x_wconf 90' lang='lat' dir='ltr'>leporis</span> <span class='ocrx_word' id='word_1_211' title='bbox 881 2845 1011 2898; x_wconf 79' lang='lat' dir='ltr'>lliehahu</span> 
     </span>
     <span class='ocr_line' id='line_1_32' title="bbox 140 2927 1010 2998; baseline -0.002 -14"><span class='ocrx_word' id='word_1_212' title='bbox 140 2929 236 2998; x_wconf 89' lang='lat' dir='ltr'>speeie</span> <span class='ocrx_word' id='word_1_213' title='bbox 256 2946 318 2983; x_wconf 91' lang='lat' dir='ltr'>eum</span> <span class='ocrx_word' id='word_1_214' title='bbox 336 2928 524 2984; x_wconf 83' lang='lat' dir='ltr'>interfeeisee.</span> <span class='ocrx_word' id='word_1_215' title='bbox 566 2927 622 2982; x_wconf 87' lang='lat' dir='ltr'>Sed</span> <span class='ocrx_word' id='word_1_216' title='bbox 641 2927 715 2982; x_wconf 88' lang='lat' dir='ltr'>haud</span> <span class='ocrx_word' id='word_1_217' title='bbox 738 2928 822 2983; x_wconf 87' lang='lat' dir='ltr'>faeile</span> <span class='ocrx_word' id='word_1_218' title='bbox 847 2933 892 2984; x_wconf 90' lang='lat' dir='ltr'>est</span> <span class='ocrx_word' id='word_1_219' title='bbox 909 2929 945 2983; x_wconf 90' lang='lat' dir='ltr'>ad</span> <span class='ocrx_word' id='word_1_220' title='bbox 964 2945 1010 2982; x_wconf 89' lang='lat' dir='ltr'>ex-</span> 
     </span>
     <span class='ocr_line' id='line_1_33' title="bbox 139 3013 1011 3083; baseline 0.002 -17"><span class='ocrx_word' id='word_1_221' title='bbox 139 3013 308 3083; x_wconf 76' lang='lat' dir='ltr'>plicandum,</span> <span class='ocrx_word' id='word_1_222' title='bbox 326 3022 446 3083; x_wconf 85' lang='lat' dir='ltr'>quonam</span> <span class='ocrx_word' id='word_1_223' title='bbox 464 3015 547 3068; x_wconf 92' lang='lat' dir='ltr'>modo</span> <span class='ocrx_word' id='word_1_224' title='bbox 565 3013 741 3068; x_wconf 88' lang='lat' dir='ltr'>inveniamus</span> <span class='ocrx_word' id='word_1_225' title='bbox 754 3013 961 3068; x_wconf 89' lang='lat' dir='ltr'>Australiorum</span> <span class='ocrx_word' id='word_1_226' title='bbox 974 3013 1011 3068; x_wconf 92' lang='lat' dir='ltr'>de</span> 
     </span>
     <span class='ocr_line' id='line_1_34' title="bbox 141 3098 1011 3168; baseline 0.002 -16"><span class='ocrx_word' id='word_1_227' title='bbox 141 3099 308 3154; x_wconf 86' lang='lat' dir='ltr'>draconibus</span> <span class='ocrx_word' id='word_1_228' title='bbox 333 3099 491 3153; x_wconf 78' lang='lat' dir='ltr'>interfectis</span> <span class='ocrx_word' id='word_1_229' title='bbox 518 3098 649 3166; x_wconf 82' lang='lat' dir='ltr'>fabulam,</span> <span class='ocrx_word' id='word_1_230' title='bbox 676 3117 739 3154; x_wconf 88' lang='lat' dir='ltr'>nam</span> <span class='ocrx_word' id='word_1_231' title='bbox 766 3116 861 3154; x_wconf 91' lang='lat' dir='ltr'>eorum</span> <span class='ocrx_word' id='word_1_232' title='bbox 889 3099 1011 3168; x_wconf 82' lang='lat' dir='ltr'>fabulae,</span> 
     </span>
    </p>
   </div>
   <div class='ocr_carea' id='block_1_3' title="bbox 140 3185 1011 3259">
    <p class='ocr_par' dir='ltr' id='par_1_3' title="bbox 140 3185 1011 3259">
     <span class='ocr_line' id='line_1_35' title="bbox 140 3185 1011 3259; baseline 0.003 -22"><span class='ocrx_word' id='word_1_233' title='bbox 140 3195 306 3254; x_wconf 86' lang='lat' dir='ltr'>quamquam</span> <span class='ocrx_word' id='word_1_234' title='bbox 323 3201 378 3239; x_wconf 89' lang='lat' dir='ltr'>non</span> <span class='ocrx_word' id='word_1_235' title='bbox 391 3199 506 3256; x_wconf 82' lang='lat' dir='ltr'>paucae,</span> <span class='ocrx_word' id='word_1_236' title='bbox 525 3191 618 3241; x_wconf 87' lang='lat' dir='ltr'>tamen</span> <span class='ocrx_word' id='word_1_237' title='bbox 631 3191 687 3244; x_wconf 89' lang='lat' dir='ltr'>tam</span> <span class='ocrx_word' id='word_1_238' title='bbox 700 3191 766 3244; x_wconf 85' lang='lat' dir='ltr'>sunt</span> <span class='ocrx_word' id='word_1_239' title='bbox 778 3185 913 3242; x_wconf 84' lang='lat' dir='ltr'>obscurae</span> <span class='ocrx_word' id='word_1_240' title='bbox 926 3189 1011 3259; x_wconf 86' lang='lat' dir='ltr'>atque</span> 
     </span>
    </p>
   </div>
   <div class='ocr_carea' id='block_1_4' title="bbox 0 0 1156 3760">
    <p class='ocr_par' dir='ltr' id='par_1_4' title="bbox 0 0 1156 3760">
     <span class='ocr_line' id='line_1_36' title="bbox 0 0 1156 3760; baseline 0 0"><span class='ocrx_word' id='word_1_241' title='bbox 0 0 1156 3760; x_wconf 95' lang='lat' dir='ltr'> </span> 
     </span>
    </p>
   </div>
  </div>
 </body>
</html>
