2278 3760
461 291 629 349 25⁶1·-

107 449 199 513 uoem‚
224 443 400 500 Cretensium
418 459 523 514 regern,
546 461 630 515 quum
653 459 760 516 poenes
778 435 910 515 esptur'us
925 456 979 514 pro

107 531 168 586 lilio
196 530 291 585 ooeiro
315 529 443 586 Athenas
464 531 699 600 profieiseeretun
725 529 843 601 priunum
857 525 980 600 *quidem

108 616 260 684 Megaram,
279 613 326 670 ubi
339 620 472 684 regnaret
484 615 578 684 Nisus,
594 617 687 686 Aegei
706 615 782 685 regis
795 614 980 670 Atheniensis

107 699 209 766 freter,
240 714 429 769 oppugnasse.
483 699 570 755 Nisus
598 705 692 755 autern
717 699 840 755 hebebst
867 713 980 754 eureum

109 785 196 856 pilum
220 785 314 839 medlo
336 785 364 840 in
389 785 491 855 eapite,
514 801 570 854 quo
592 785 622 840 in
639 786 699 856 pilo
720 785 817 856 posita
840 791 900 840 erat
918 783 980 840 Ilisi

109 870 170 926 vite
190 875 276 938 etque
301 883 417 938 regnum
440 870 616 938 Megarense.
653 871 726 924 Dum
750 885 828 926 vero·
841 867 909 926 urbs
931 885 980 939 op-

108 959 261 1024 pugnetur,
279 952 384 1024 Scylla,
408 954 471 1009 Nisi
488 953 555 1020 filis,
579 961 672 1009 emere
696 955 726 1010 ln
743 955 865 1011 Minoem
888 955 981 1024 espie-

108 1042 200 1108 betur,
220 1039 355 1108 cuiusque
371 1045 404 1094 ut
422 1033 476 1096 sibi
494 1040 660 1106 ooneiliuret
678 1055 806 1110 amorem,
824 1041 899 1112 petri
918 1041 981 1095 dor-

109 1125 209 1180 mlenti
227 1123 316 1194 pilum
333 1123 413 1178 illurn
430 1123 546 1178 letalem
564 1124 678 1179 evulsit.
722 1125 783 1190 Quo
802 1127 877 1181 facto
896 1125 981 1180 Nisus

111 1216 248 1278 mortuus,
267 1211 382 1280 Megara
400 1216 493 1265 sutem
510 1210 540 1264 in
558 1210 660 1264 Minois
678 1215 851 1280 potestatem
868 1211 983 1265 reductu

110 1301 163 1352 est.
194 1295 253 1350 Sed
265 1310 355 1364 seque
368 1310 401 1350 se
412 1295 512 1362 crines,
524 1309 633 1362 ungues
646 1309 757 1364 quoque
769 1295 799 1348 in
812 1294 980 1349 Graecorum

108 1380 296 1452 perceptione
325 1397 381 1436 non
411 1375 622 1446 desiderantur,
658 1380 739 1449 quusi
768 1395 814 1436 res
848 1379 984 1450 singulari

108 1467 231 1536 quadem
249 1463 278 1520 vi
297 1471 327 1520 et
343 1470 488 1535 potestate
511 1466 653 1535 praeditu3
678 1466 753 1536 quod
776 1463 889 1536 quidem
912 1465 982 1520 setis

110 1550 207 1606 elucet
225 1565 260 1604 en
282 1555 436 1620 prseeepto
458 1549 509 1605 illo
534 1551 570 1606 sb
587 1549 714 1606 Hesiodo
738 1550 865 1606 obscuris
887 1547 986 1608 verbis

112 1635 221 1691 trudito
239 1635 367 1700 (Hesiod.
387 1625 424 1706 op
443 1641 473 1691 et
490 1636 518 1690 d.
537 1637 609 1706 680.)

196 1719 268 1789 μηδ’
284 1717 339 1774 αἰιδ
358 1722 503 1786 πεντόζοιο
521 1729 600 1778 δειόν
618 1724 660 1778 ἐνί
679 1724 753 1776 δαιτὶ
770 1724 874 1797 θαλείῃ

197 1803 269 1861 αδον
286 1805 340 1861 διεδ
357 1811 473 1880 χλωροῦ
491 1807 610 1878 τάμνειν
629 1813 734 1862 αἴθωνι
752 1805 869 1883 σιδήρῳ,

111 1890 187 1962 quod
212 1889 325 1960 quidem
348 1898 530 1962 praeceptum
554 1894 624 1949 setis
643 1893 798 1964 explicavit
815 1890 982 1948 Plutarchus

112 1977 159 2041 (rie
182 1975 222 2029 Is.
247 1980 278 2029 et
300 1975 346 2030 Os.
366 1993 389 2030 e.
411 1977 459 2045 4.).
504 1979 603 2049 Neque
630 1966 676 2034 hie
703 1979 863 2034 omittamus
892 1978 984 2033 locum

113 2059 253 2130 quendum
269 2059 299 2113 ln
316 2059 400 2130 Diog.
420 2063 514 2117 Luert.
529 2064 602 2128 (Lib.
622 2063 703 2118 VIII.
723 2064 747 2117 1.
768 2064 809 2118 17.
830 2061 874 2117 ed.
895 2061 985 2129 Gon),

112 2145 161 2200 ubi
179 2144 360 2216 Pythagorae
380 2146 508 2217 symbola
526 2147 598 2202 hune
621 2149 651 2202 in
672 2149 782 2202 modurn
807 2151 984 2202 enarrentur:

113 2238 170 2306 πῦρ
199 2239 333 2303 μαχαίρᾳ
360 2230 398 2302 μή
427 2229 584 2301 σκαλεύειν,
613 2231 703 2306 ζυγδν
726 2230 763 2301 μῆ
787 2228 986 2306 υἰιερβαίνειν,

102 2307 160 2372 Ιίτιλ
176 2327 309 2390 χοίνικος
324 2315 362 2386 μή
383 2319 525 2388 καθίζειν,
545 2321 667 2395 καρδίην
678 2339 716 2389 μη
710 2316 849 2386 enectae,
870 2324 989 2391 φορτίον

113 2399 151 2470 μὴ
174 2405 383 2476 συγκαθαιρεῖν
408 2409 620 2458 συνεπιτιθέναι
644 2405 686 2472 δι’,
710 2401 745 2458 ιδ
769 2400 918 2477 στρώματα
944 2399 989 2453 δελ

115 2487 309 2555 συνδεδεμένα
344 2491 440 2561 ἔχειν,
477 2491 508 2545 ἐν
544 2493 682 2561 δακτυλίῳ
719 2485 818 2544 εἶκόνα
848 2493 919 2541 θεοῦ
949 2507 987 2554 μη

114 2577 294 2646 περιφέρειν,
312 2591 420 2672 χυτρας
438 2578 519 2647 λ’,χνος
537 2579 657 2676 συγχεῖν
675 2575 706 2629 ἐν
723 2580 759 2648 τῇ
777 2579 877 2647 τέφρα,
897 2571 986 2640 δᾳδίῳ

114 2662 210 2709 θᾶκον
238 2653 276 2724 μή
307 2653 516 2733 δμδργνυσδαι,
544 2657 614 2729 πρδς
631 2658 711 2724 ἥλιον
728 2661 923 2734 τετραμμένον
948 2647 987 2725 μή

115 2738 284 2813 ,μίχειν,*)
309 2739 358 2802 τὰς
388 2741 553 2820 λεωφόρους
576 2741 615 2814 μή
645 2745 793 2813 βαδίζειν,
818 2740 856 2812 μή
886 2739 991 2813 ῥᾳδίως

116 2823 215 2886 δεξιαν
241 2822 403 2898 spetlum,
431 2825 612 2905 δμωροφίους
641 2825 795 2901 χελιδόνας
827 2825 865 2897 μή
901 2829 990 2938 ἔχειν,

185 2949 262 3014 Verg.
288 2951 350 2999 Aen.
371 2953 429 3002 IV..
439 2955 497 3001 698.
515 2954 626 3013 Euripid.
650 2953 742 3002 Alcest.
766 2954 808 3002 75.

256 3015 333 3102 ερος
348 3035 387 3098 γ
425 3037 504 3077 ουτος
521 3035 577 3070 των
595 3036 666 3070 κατα
683 3013 794 3088 χθονὸς
810 3021 898 3083 θεῶν,

255 3079 318 3136 ὅτου
336 3083 368 3138 τό
417 3087 502 3157 ἔγχος
521 3082 623 3160 κρατὸς
643 3081 744 3157 ἆγνίσχ
763 3092 858 3157 τρίχα

142 3183 169 3247 *)
188 3188 253 3236 idern
272 3189 344 3237 doeet
361 3191 485 3240 Hesiodus
504 3187 567 3250 (op
577 3196 602 3238 et
619 3191 671 3238 dies
692 3184 776 3272 727.)

154 3331 158 3340 .
258 3251 371 3320 μηδ”
352 3273 403 3309 αντ
434 3253 526 3319 ηἐλίου
545 3257 737 3323 τετραμμένος
759 3247 847 3373 δρδδς
866 3249 992 3322 ομίχειν·
