2278 3760
500 286 670 342 ..11-

148 443 236 506 atoue
254 437 330 506 perit
346 437 479 494 universo
498 452 559 492 cum
581 436 700 496 humano
723 456 827 510 genere
850 443 909 494 tum
926 442 1020 510 pordi-

147 522 475 591 tissimoocorrnptoque.
513 521 623 586 Quanta
634 539 703 579 vero
715 523 810 582 futura
828 527 866 582 sit
879 527 940 581 ista
951 532 1020 581 tem-

147 610 264 676 pestate
283 605 424 678 homiuum
442 605 551 661 malitia
568 612 653 675 atque
677 609 818 680 impietas,
836 609 950 666 libellus
972 629 1020 667 no·

148 791 248 832 norom
277 780 382 830 tractat
410 775 566 830 doctrinam
595 778 630 832 de
665 779 765 834 ultima
793 781 888 836 mundi
915 785 1019 836 aetate.

148 859 299 920 Brdbmani
309 861 383 916 euim
392 859 562 916 oali-aetate
573 861 669 920 Vedes
681 866 837 936 negligent,
849 867 923 921 dona
935 871 1020 934 atque

148 943 268 1000 divitias
278 951 454 1014 expetentes,
464 946 706 1019 crudelissimlque
719 952 804 1006 animi
814 957 904 1007 crunt.
925 951 1020 1006 Ceteri

149 1034 245 1084 autem
262 1029 389 1084 homines
407 1045 501 1086 sacras
518 1029 623 1100 iliteras
648 1041 868 1106 contemnentes,
891 1035 966 1091 ludis
988 1051 1021 1092 ae

148 1113 296 1170 fraudibus
314 1114 464 1184 indulgent
482 1118 709 1189 sacerdotesque,
727 1127 759 1176 ut
776 1123 883 1178 victum
900 1121 955 1178 sibi
972 1137 1020 1191 pa·

149 1204 221 1268 rent,
239 1199 325 1254 valde
343 1198 520 1269 1111111111,
538 1201 687 1262 induentes
699 1223 731 1262 se
743 1207 872 1262 vestibus
887 1206 979 1262 rubris
991 1209 1021 1260 et

148 1283 254 1340 barbas
270 1289 301 1339 et
317 1283 437 1354 capillos
460 1287 667 1355 promittentes.
714 1291 768 1346 llla
789 1290 1020 1362 tempornmini-

150 1369 261 1436 quitate
279 1369 448 1426 nobilissimi
466 1370 593 1428 hominos
611 1375 647 1429 ad
664 1375 788 1445 inopiam
808 1377 974 1445 redigentur
991 1383 1021 1430 et

149 1452 340 1522 ignominiam,
358 1454 502 1510 deterrimi
521 1472 589 1512 vero
607 1458 764 1516 divitiiset
781 1459 933 1517 honoribus
945 1459 1019 1516 baud

150 1543 294 1611 carebunt,
312 1543 385 1598 falsa
402 1549 461 1598 tum
478 1544 641 1600 testimonia
653 1545 748 1600 dicent
760 1552 790 1600 et
807 1545 953 1600 mulierum
970 1563 1020 1616 pu·

150 1627 267 1683 dicitiae
297 1629 355 1683 vim
384 1633 469 1697 11111
497 1629 598 1684 vitium
625 1629 754 1684 offerent.
801 1633 909 1686 Paucos
938 1631 1022 1685 modo

150 1710 258 1768 imctus
275 1712 403 1782 proferet
421 1719 503 1780 terra,
522 1714 641 1782 dumque
659 1716 748 1770 nubes
766 1729 839 1785 aqua
855 1721 959 1783 carent
979 1715 1019 1769 in·

150 1798 321 1867 tempestive
344 1797 426 1869 pluit.
463 1797 574 1853 Vaccae
600 1797 671 1852 nihil
698 1800 753 1856 nisi
781 1816 869 1856 coeno
895 1805 926 1855 et
952 1797 1023 1860 lirun
1055 1793 1056 1798 ’

149 1888 301 1952 pascentur
317 1895 409 1951 neque
426 1881 471 1936 lac
487 1883 670 1952 praebebunt,
688 1882 820 1952 ¹homines
838 1900 869 1940 se
886 1883 942 1956 ipsi
961 1885 1020 1938 lau·

150 1967 264 2036 dabunt,
283 1965 355 2022 alios
372 1967 581 2037 vituperabunt,
600 1967 778 2038 infantesque
796 1968 889 2024 claudi
914 1985 947 2024 ac
969 1969 1017 2023 de-

149 2052 223 2108 biles
232 2053 302 2106 fient
310 2057 428 2121 propter
436 2051 1019 2124 profundamjetintempestivamgulam.—

222 2136 327 2191 XLIX.
347 2136 412 2191 Pari
423 2136 507 2191 modo
519 2137 594 2207 apud
604 2136 687 2192 Seres
699 2138 856 2192 invenimus
868 2138 1023 2193 doctrinam

151 2221 228 2277 illam
257 2223 293 2276 de
322 2221 439 2276 meliore
465 2221 585 2290 quodam
612 2227 739 2291 ternpore
766 2227 851 2290 atque
877 2227 1022 2278 servatore

151 2309 290 2376 qnondam
308 2313 435 2371 venturo,
459 2319 624 2376 quamquam
641 2323 697 2361 non
715 2311 771 2360 tam
790 2305 892 2360 claram
910 2311 940 2361 et
958 2323 1020 2376 per-

152 2395 277 2464 spicuam
293 2398 326 2448 ut
343 2392 418 2462 apud
430 2391 524 2459 Indos,
543 2391 679 2460 singulari
691 2396 784 2446 tamen
796 2391 915 2459 quadam
932 2390 1022 2446 forma

151 2479 292 2534 traditam.
328 2477 375 2531 Illi
385 2489 496 2546 quoque
510 2479 677 2547 exspectant
689 2476 931 2545 exoptatissimum
942 2475 1022 2531 illum

151 2562 331 2619 liberatorem
350 2567 379 2617 et
396 2561 544 2630 vindicem,
566 2562 614 2630 qui
637 2561 749 2616 felicem
770 2559 870 2616 reddat
890 2561 1022 2615 mundum

152 2653 182 2703 et
199 2647 315 2703 amalis
333 2647 435 2703 liberet
452 2646 599 2702 humanum
612 2661 710 2714 genus.
746 2643 794 2698 Illi
811 2657 931 2714 quoque,
948 2641 1022 2698 male

99 2757 103 2766 ·
152 2732 279 2788 contenti
300 2731 504 2802 praesentibus,
532 2747 588 2785 non
611 2731 708 2795 satiati
729 2728 864 2784 memoria
884 2727 1021 2798 praeteri·

152 2824 243 2874 torum
261 2823 425 2887 temporum,
450 2815 511 2871 fore
529 2821 561 2870 ut
580 2831 615 2870 ex
640 2814 786 2870 occidente
809 2814 906 2868 veniat
927 2813 1022 2868 mundi

151 2903 201 2958 illc
219 2902 381 2971 redemptor
398 2901 598 2968 sanctissimus,
620 2903 743 2970 sperant,
761 2899 809 2968 qui
821 2899 955 2953 restituat
966 2893 1023 2953 vir-

152 2991 242 3042 tutem
254 2989 339 3054 atque
352 2989 495 3038 aeternam
507 2984 607 3038 1111111
618 2999 725 3053 pacem.
761 2981 800 3037 Ut
811 2981 934 3053 plantae,
952 2977 1023 3037 solis

152 3071 252 3126 ardore
278 3069 445 3137 exsiccatae,
466 3068 589 3124 'imbrem
613 3073 752 3137 exoptant
775 3073 955 3136 recreantem,
981 3067 1023 3122 ita

142 3151 237 3212 'Seres
255 3167 366 3224 quoque
384 3153 589 3210 sanctissimum
607 3153 794 3220 liberatorem,
822 3168 858 3206 ex
875 3151 1022 3207 occidente

152 3254 235 3310 quern
244 3240 362 3297 creduut
371 3243 527 3308 venturum,
538 3242 713 3309 exspectant.
726 3237 771 3293 De
780 3235 1025 3356 qugtredemptore
