2278 3760
491 253 661 312 ..pp-

140 413 225 479 alque
243 409 272 464 in
289 409 348 466 illis
366 407 533 479 religiosum
551 408 690 478 quoduam
708 412 877 463 momentum
896 407 1018 474 vidisse,

140 493 226 564 idque
244 499 422 560 momentum,
440 493 516 563 quod
529 492 642 562 longius
653 491 739 546 otiam
756 491 1016 562 patuisse,‚nempe

138 577 283 649 nequead
301 577 532 648 superstitionem
551 584 581 633 ot
598 583 687 634 artem
710 575 847 646 magicam
865 583 946 633 oerto
962 593 1014 648 pu-

139 670 238 720 unna
255 679 259 686 ·
276 662 382 720 Contra
399 663 507 742 opinor,
526 662 603 732 quod
620 661 782 742 Herodotup
803 663 838 727 (1.
857 663 912 730 66.)
930 661 1014 718 nobis
1131 711 1132 726 ,

139 749 241 817 tradit,
268 747 421 818 superoilia
447 747 482 802 ab
505 745 661 817 Aegyptiis
684 746 787 813 recisa,
814 743 872 800 fele
895 751 1014 814 mortua,
1131 769 1132 826 ]

140 849 208 890 eane
227 839 321 890 autem
338 833 490 888 interieoto
509 837 600 887 totum
618 831 750 902 capillum
769 831 920 894 demonum
938 845 1013 902 esso,

140 919 194 974 huo
212 933 267 972 uon
284 917 437 988 pertinere,
461 917 528 986 quia
545 916 575 972 id
593 913 705 985 signum
721 915 805 971 modo
823 913 917 971 luotus
934 921 1013 971 esset

93 1001 96 1007 ’
140 1019 231 1074 neque
249 1001 337 1057 ullum
354 1000 472 1056 haberet
488 1001 614 1070 magicos
630 1007 808 1056 momontum.

209 1087 285 1142 XLI.
304 1085 415 1140 Clarius
433 1099 503 1140 vero
521 1089 551 1139 et
562 1085 654 1154 magis
670 1085 821 1155 perspicuo
837 1101 919 1156 quam
937 1086 1014 1156 apud

45 1217 46 1222 ,
97 1191 100 1197 ’
143 1171 315 1243 Aegyptios,
333 1169 404 1224 hano
416 1167 582 1237 religionem
594 1168 630 1223 de
648 1170 769 1238 mystica
785 1170 836 1225 illa
847 1169 1014 1240 capillorum
1131 1145 1132 1178 Τ

141 1257 312 1327 unguiumve
341 1254 371 1310 vi
400 1251 476 1322 apud
505 1251 630 1307 Graeoos
653 1253 849 1324 Romanosque
876 1255 1014 1324 viguisse,

141 1339 269 1398 breviter
284 1335 546 1394 demonstrabimus.
589 1335 754 1407 Complures
777 1339 851 1394 enim
874 1339 929 1394 looi
953 1355 1013 1396 oar·

141 1428 243 1482 minum
265 1421 476 1480 Homerioorum
500 1421 613 1492 (Odyss.
639 1422 693 1476 111.
711 1423 771 1479 446.
791 1424 870 1480 XIV.
889 1425 950 1480 422.
978 1455 1012 1464 -

141 1511 175 1567 ll.
186 1501 275 1566 XIX.
288 1508 362 1576 254.)
378 1508 490 1576 docent,
508 1507 544 1562 de
561 1507 738 1564 victimarum
755 1509 903 1579 frontibus,
921 1511 1013 1581 prius·

141 1611 224 1666 quam
236 1595 292 1651 (liis
303 1593 526 1659 immolarentur,
540 1598 649 1662 purtem
658 1594 779 1664 pilorum
788 1601 926 1652 remotam
938 1611 1013 1664 esse,
1131 1623 1132 1636 κ

142 1681 190 1752 qui
203 1695 289 1751 saepe
298 1679 357 1749 igni
371 1676 497 1733 saerifioo
515 1675 732 1747 imponerentur,
747 1681 824 1749 quod
836 1681 1015 1752 apellabatnr
1131 1713 1132 1718 κ

142 1758 1012 1842 τριχαςᾰπᾰρεασθαι;εθᾱιιοηεοωροτνίοιίωαορὶίἰοοωὴιι-

143 1849 283 1916 rebantur,
292 1863 355 1901 naun
369 1844 611 1902 distribuebantur
619 1863 814 1919 nonnunquam
825 1852 1013 1922 adstantibus,

143 1933 219 2004 quod
231 1931 343 2001 quidem
355 1945 390 1986 ex
402 1945 486 1987 versu
501 1927 551 1984 illo
560 1930 665 1996 (lllll.
674 1933 745 2001 273.)
758 1937 892 2004 eognosoi
900 1945 1013 2008 potest:

194 2016 290 2091 ἀρνῶν
308 2017 339 2071 Ia
360 2020 508 2088 κεφαλέων
524 2016 614 2088 τάμνε
631 2030 740 2096 τρίχας,
758 2021 846 2099 αότὰρ
866 2025 962 2079 ἔπειτα

194 2099 316 2177 κήρυκες
337 2102 445 2174 Τρώων
464 2107 512 2158 καὶ
530 2103 653 2178 Ἀχαιῶν
670 2111 774 2176 νεῖμαν
791 2108 923 2184 ἀρίστοις.

211 2185 290 2244 Pilos
312 2195 404 2244 autem
426 2205 482 2244 nou
505 2191 595 2246 solum
618 2190 775 2246 victimarm
799 2206 862 2246 esse
885 2197 1014 2247 resectos

142 2277 228 2341 atque
250 2272 417 2341 immolatos,
440 2273 492 2328 sed
515 2275 600 2330 etium
622 2273 771 2344 hominum,
798 2275 949 2331 manifesto
971 2277 1013 2331 in-

142 2357 284 2428 telligitur
307 2374 342 2412 ex
364 2357 427 2414 looo
450 2361 546 2430 aliquo
569 2362 645 2432 apud
662 2361 850 2417 Plutarchum.
896 2362 949 2428 Qui
973 2363 1013 2428 (in

142 2441 228 2498 Thes.
248 2459 272 2497 o.
292 2443 358 2512 111.)
386 2461 491 2501 rnorem
520 2447 641 2504 affirmat
664 2448 753 2504 iuuisse
772 2447 949 2517 Graecorum,
981 2454 1014 2504 ut
1132 2485 1133 2498 η

142 2527 272 2598 Apollini
289 2529 430 2599 Delphioo
448 2531 568 2601 capillos
585 2550 743 2604 puerorum,
766 2535 814 2605 qui
839 2551 874 2590 ex
892 2533 1014 2590 infautia

143 2615 170 2669 in
182 2616 333 2684 pueritiam
345 2616 467 2685 ingressi
480 2625 585 2687 essent,
597 2619 796 2674 sacrificarent
827 2619 928 2689 Itaque
940 2620 1012 2675 satis

142 2701 293 2756 manifesto
300 2702 440 2757 redditum
452 2703 580 2759 videmus
587 2703 795 2774 Aegyptiorum
803 2704 916 2772 euitum,
929 2719 1012 2774 quom
1130 2699 1133 2734 ⁴

142 2801 227 2856 supra
253 2788 537 2844 oommemoravimus.
583 2789 693 2855 Quanto
716 2789 761 2844 vis
784 2794 877 2844 autem
901 2788 1013 2859 cupillis

143 2867 249 2928 decisis
275 2871 344 2926 insit
371 2871 495 2928 Graecos
518 2879 643 2943 putasse,
670 2873 837 2928 eouoludero
863 2889 1012 2944 possumus

143 2968 179 3008 ex
191 2969 247 3008 una
258 2953 416 3012 Attiearum
429 2956 629 3025 fabularum.*)
665 2957 742 3024 Quas
755 2957 837 3014 nobis
851 2957 947 3026 tradit,
961 2959 1012 3013 lii·

166 3077 192 3142 *)
209 3077 322 3128 Forsitan
340 3081 387 3128 huo
405 3095 503 3142 quoque
521 3083 629 3142 pertinet
646 3084 788 3144 superstitio
806 3083 850 3131 illa
862 3083 1012 3132 Graecorum

212 3151 237 3193 ut
253 3147 426 3209 Romanorum,
455 3150 505 3209 qni,
532 3153 654 3196 neminem
678 3151 741 3198 mori
760 3165 842 3214 posse,
868 3153 1012 3211 eredebant,

213 3215 261 3262 nisi
278 3215 425 3276 Proserpina
443 3221 487 3263 aut
498 3217 544 3263 Iris
556 3219 683 3266 morientis
695 3221 787 3268 crinem
799 3220 942 3268 abstulisset
959 3221 1012 3270 vid.
