2278 3760
452 234 679 289 .-101-

252 387 298 441 Da
315 402 379 440 man
396 385 469 441 ohne
488 386 573 442 Mond
591 387 648 442 und
666 386 760 444 Sonnc

254 469 340 526 Wchl
358 469 418 526 sIch
435 471 482 527 nie
499 471 551 526 der
568 472 646 528 Welt
668 471 782 528 erfrent.

148 555 252 624 Itaque
271 555 518 610 WseInaemoeincn
537 555 676 623 quondam
693 571 869 610 reversurum
888 553 1024 621 audimus,

148 638 236 707 idque
254 655 330 693 novo
349 653 409 692 cum
429 637 499 693 sole.
536 637 601 693 Pari
622 638 706 693 modo
724 638 819 693 Aestii
837 636 908 692 hanc
925 643 1024 693 tenent

148 723 326 793 opinionem,
360 738 442 791 quam
473 722 555 778 nobis
582 738 677 778 eorum
705 738 807 792 poema
836 721 1024 791 Kalcwipoeg

148 805 279 875 (Geesng
296 806 361 874 XX,
380 805 467 873 1047.)
486 805 612 860 tradidit.
649 806 719 862 Nam
737 806 895 876 accepimus
912 807 1022 862 Kalewi

148 891 239 946 filium
262 896 413 959 mortuum,
442 891 477 946 ab
501 889 586 946 Ukko
610 890 665 946 deo
688 890 841 946 inferorum
864 896 894 947 et
916 889 1023 947 diaboli

149 977 298 1032 custodem
323 991 387 1032 esse
411 975 604 1031 coustitutum.
642 975 699 1031 Sed
720 976 775 1030 iam
793 975 829 1030 ad
847 975 905 1030 orci
926 981 1023 1046 portas

149 1061 213 1115 eius
237 1076 335 1114 manus
359 1059 472 1114 vinctae
494 1064 573 1127 sunt,
597 1074 633 1112 ne
656 1059 748 1127 abeat,
766 1059 882 1128 rupibus
899 1059 1023 1128 magnis:

149 1143 265 1200 vincula
277 1143 391 1213 quidem
402 1141 541 1198 revellere
554 1148 678 1210 conatur,
696 1143 738 1197 ita
749 1148 781 1197 ut
792 1143 919 1198 oriantur
930 1147 1023 1197 terrae

148 1235 252 1298 motus,
271 1234 396 1284 attamen
414 1242 445 1283 se
464 1227 584 1284 liberare
602 1243 657 1283 non
669 1232 776 1297 potest.
812 1226 942 1296 Denique
954 1241 1023 1282 vero

149 1312 257 1368 ibidem
274 1312 390 1366 dieitur:

254 1397 364 1451 Einmal
383 1397 455 1452 wird
472 1396 519 1452 die
538 1396 601 1452 Zeit
618 1395 768 1465 beginnen,

256 1484 311 1538 Wo
329 1482 376 1537 die
395 1479 508 1552 Spihne
526 1498 583 1537 von
602 1481 672 1537 zwei
691 1479 790 1536 Seitcn

255 1567 289 1622 In
307 1567 481 1638 gewaltigen
498 1566 642 1623 Flsmmcn
659 1567 791 1632 brennen,

256 1651 319 1707 Und
336 1651 383 1706 die
401 1651 496 1706 offnen
514 1650 639 1706 Gluthen
659 1649 817 1706 schmelzen

255 1736 336 1790 Danu
354 1737 400 1791 die
419 1735 501 1791 Hand
519 1735 590 1791 auch
608 1752 663 1791 von
682 1735 745 1790 dem
763 1733 875 1803 Felsen,

255 1821 336 1892 Iiurm
354 1819 439 1875 kehrt
457 1819 557 1875 Kalew
575 1819 626 1874 auf
640 1820 687 1874 die
706 1819 789 1887 Erde,

257 1905 369 1960 Seiuem
387 1903 482 1958 Volke
501 1903 595 1958 Gliick
613 1921 647 1958 nu
665 1903 792 1973 bringen,

255 1987 326 2042 Eine
344 2003 416 2042 neue
435 1986 498 2042 Zeit
515 1986 566 2041 der
583 1987 681 2042 Esten.

221 2071 327 2126 LVIII.
364 2071 407 2126 Ex
421 2071 650 2127 Americanorum
662 2071 774 2139 fabulis,
793 2088 865 2142 quae
880 2073 1025 2144 pertinent

153 2157 189 2212 ad
201 2155 433 2225 eschatologiam,
449 2155 568 2211 maxime
581 2157 718 2212 rationem
730 2174 782 2213 nos
794 2157 897 2214 habere
910 2162 1025 2229 oportet

153 2241 360 2296 Mexicanorum
386 2237 508 2294 fabulae.
554 2239 607 2304 Qui
634 2239 751 2304 (Miillcr
774 2239 810 2294 Α.
829 2241 863 2295 U.
890 2258 918 2311 p.
946 2241 1023 2308 519.)

153 2325 357 2396 exspectabant
370 2325 461 2393 quinti
476 2324 546 2380 solis
562 2340 704 2390 occasum
723 2329 781 2379 tum
797 2325 870 2379 cnIm
880 2325 1024 2394 putabant,

152 2411 330 2477 daemones,
346 2410 538 2466 Tzitzimimes
562 2410 610 2480 qui
634 2415 782 2478 vocantur,
808 2409 935 2466 homiues
960 2426 1023 2466 esse

152 2494 330 2562 ingressuros
349 2498 379 2548 et
401 2492 491 2549 solem
512 2509 622 2562 quoque
646 2494 816 2565 perdituros.
861 2495 1024 2564 Propterea,

152 2579 268 2634 saeculo
304 2595 416 2649 quoque
451 2585 579 2649 peracto,
615 2577 795 2634 celebrabant
829 2578 891 2634 dies
925 2578 1024 2652 festos,

153 2663 255 2734 quibus
289 2678 385 2718 omnes
418 2679 524 2718 summa
555 2663 663 2733 pietate
693 2661 838 2729 commoti,
868 2661 904 2716 ad
937 2662 1024 2717 Hutn-

153 2749 263 2804 schum
286 2753 409 2804 montem
432 2763 539 2803 sacrum
564 2763 595 2802 se
619 2746 806 2802 contulerunt.
854 2746 908 2801 Hic
936 2762 1025 2816 nsque

153 2831 189 2887 ad
212 2831 332 2886 mediam
356 2835 467 2886 noctem
489 2835 664 2898 manserunt,
688 2836 747 2886 tum
763 2847 832 2886 vero
850 2831 880 2886 in
896 2830 1024 2901 pulcher·

152 2917 215 2971 rimi
245 2917 353 2986 captivi
381 2921 497 2986 pectore
525 2917 634 2972 duobus
661 2915 747 2985 lignis
770 2916 864 2985 ignem
888 2914 1024 2984 fecerunt,

153 3001 232 3057 cqus
258 3001 367 3056 flamma
390 3000 419 3055 iu
441 3016 490 3054 ara
506 2999 672 3069 ponebatur.
709 3000 787 3066 Quae
804 3005 953 3070 postquam
971 3000 1024 3070 lig-

153 3101 251 3140 norum
270 3083 407 3168 corripuit
425 3089 537 3152 struem,
565 3082 712 3138 adstantes
730 3099 836 3139 summo
853 3083 959 3153 gaudio
977 3099 1024 3139 ex-

153 3168 332 3226 sultaverunt
362 3173 393 3223 et
423 3184 492 3238 prae
525 3167 636 3223 laetitia
665 3166 814 3223 clamorem
840 3167 1023 3236 sustulerunt,
