2278 3760
494 223 662 279 „12-

141 376 191 447 qui
212 377 248 433 de
269 375 486 434 difficultatibus
509 393 561 434 nos
585 377 724 446 admotum,
748 391 821 448 qnae
846 376 1013 434 obstiterint

141 467 228 532 atque
253 460 456 532 prohibuerint,
483 462 631 532 quominus
653 478 709 518 uno
737 478 774 517 ex
797 461 860 518 loco
883 461 1013 520 homines

141 551 233 604 totum
250 563 302 617 per
319 547 415 604 orbem
432 552 569 604 terrarum
586 563 617 604 sc
635 547 834 604 diffunderent.

210 631 245 685 V.
266 632 343 698 Quae
355 632 469 702 quidem
481 637 546 688 sunt
558 634 717 690 sententiae
729 637 815 702 atque
830 631 1013 702 physicorum

142 717 300 788 opiniones,
327 717 426 788 quales
449 717 486 774 de
508 716 651 774 homiuum
673 722 737 774 satu
763 717 946 788 inprimisque
974 718 1013 774 de

143 819 238 858 eorum
255 819 312 858 uno
330 818 365 858 ex
385 807 503 872 parente
527 807 558 858 et
581 807 695 859 auctore
718 807 782 858 ortu
805 803 835 856 in
863 807 1013 873 utramque

141 893 250 958 partem
268 887 451 958 protulerint:
470 887 572 958 quodsi
590 887 678 957 igitur
689 903 780 944 meum
796 904 853 944 non
866 893 919 956 ost,
937 905 1012 945 com·

141 989 247 1042 ponere
266 971 345 1028 litem
357 977 463 1028 tantam
481 977 576 1028 tantos
593 973 668 1028 inter
685 973 771 1042 viros,
789 973 904 1043 quinon
919 975 1013 1030 miuus

138 1057 249 1126 ingenii
271 1058 429 1128 sagacitate
452 1057 645 1126 excelluerint,
625 1063 758 1127 tquam
786 1075 892 1114 summa
918 1059 1013 1114 ornati

141 1141 248 1198 fuerint
236 1143 406 1212 tdoctriua,
428 1148 522 1198 muron
553 1141 781 1213 praetermittere
804 1161 861 1200 non
887 1161 1013 1215 possum,

141 1228 278 1297 singulari
296 1228 416 1298 quodam
434 1243 528 1284 amore
552 1226 667 1284 huiusce
690 1227 733 1283 rei
755 1228 865 1297 ductus,
889 1229 957 1298 quin
974 1230 1012 1286 de

55 1338 57 1342 ¹
143 1313 308 1382 quaestione
326 1313 481 1383 proposita,
505 1318 597 1368 utrum
615 1329 670 1370 uno
694 1313 824 1382 genitore
848 1319 933 1384 atque
956 1331 1013 1370 una

143 1413 179 1452 ex
196 1398 290 1467 patria
307 1404 398 1454 ortum
417 1399 455 1454 sit
478 1397 625 1454 humanum
649 1413 748 1466 genus,
772 1397 878 1467 aliquid
902 1398 1011 1467 addam,

142 1499 267 1552 sperans,
286 1499 450 1553 quamquam
469 1483 576 1552 dubito,
596 1483 657 1540 fore
669 1487 701 1538 ut
713 1480 862 1538 hoomodo
880 1485 1010 1554 quaestio

57 1605 58 1608 η
143 1567 193 1624 illa
211 1573 267 1622 tam
285 1569 381 1638 gravis
400 1574 430 1626 et
447 1565 573 1624 difficilis
595 1569 631 1624 ad
649 1567 755 1622 exitum
772 1567 891 1638 produci
907 1569 1009 1639 possit.

144 1653 186 1708 Ne
205 1653 295 1708 dicam
313 1655 349 1710 de
367 1655 530 1724 cognitione
549 1669 640 1710 rerum
657 1652 833 1721 naturalium,
854 1653 890 1708 de
909 1655 1010 1723 quibus

142 1754 230 1808 quam,
247 1739 305 1794 siut
326 1740 422 1794 variae
445 1745 529 1810 atque
553 1739 746 1808 discrepantes
773 1737 929 1807 opiniones,
956 1738 1011 1793 iam

142 1840 227 1894 supra
244 1825 425 1896 ostendimus,
447 1822 608 1892 Philologia
631 1823 717 1876 etiam
739 1823 929 1891 comparativa
946 1821 1012 1878 huic

142 1909 183 1963 rei
207 1909 316 1965 studuit
338 1915 368 1964 et
391 1910 446 1964 iam
468 1909 613 1964 nobiscum
640 1907 855 1964 communicavit
878 1925 1011 1962 summam

143 2010 246 2062 eorum,
265 2010 336 2063 quae
349 1995 498 2050 invenerit.
535 1993 634 2061 Itaque
647 1990 809 2060 Philologia
821 1993 1012 2064 comparativa
1039 2056 1042 2060 ,

141 2079 279 2135 unitatem
302 2079 468 2150 populorum
491 2075 784 2146 Indogermanicorum
808 2093 913 2146 eosque
937 2077 1012 2134 inter

143 2181 173 2220 se
192 2165 290 2220 eodem
312 2164 448 2234 sanguine
473 2178 536 2218 esse
561 2161 733 2230 coniunctos,
749 2162 812 2216 luce
836 2161 938 2216 clarius
962 2162 1011 2218 de·

141 2249 317 2306 monstravit.
361 2249 466 2304 Docuit
487 2251 594 2314 autem,
620 2246 741 2316 populos
762 2246 1011 2316 Indogermanicos

143 2351 178 2390 ex
208 2334 289 2390 India
314 2334 458 2404 proiectos
485 2337 574 2388 totam
608 2347 660 2400 per
686 2331 827 2400 Europam
857 2349 1011 2401 emanasse,

142 2436 271 2490 magnam
295 2420 371 2474 illam
395 2419 561 2474 societatem
579 2416 719 2484 Indorum,
743 2419 897 2486 Persarum,
923 2417 1010 2472 Grae-

143 2521 245 2572 corum,
272 2505 466 2572 Romanorum,
494 2502 701 2569 Germanorum,
727 2501 868 2558 Celtarum
891 2507 922 2558 et
948 2501 1009 2556 Sla-

143 2606 245 2646 vonum
272 2589 393 2659 denique
422 2587 652 2658 complectentes,
684 2602 800 2654 quorum
832 2587 1010 2656 cognationis

143 2680 227 2744 atque
246 2673 381 2730 historiae
400 2678 557 2728 accuratam
575 2671 703 2728 fecerunt
721 2677 751 2726 et
774 2671 917 2740 copiosam
934 2688 1010 2726 meu-

142 2759 249 2815 tiouem
266 2759 371 2816 Weber
394 2758 465 2824 (lud.
486 2757 566 2812 Stud.
586 2758 608 2811 l.
628 2775 656 2827 p.
674 2757 747 2823 321.)
770 2762 855 2826 atque
874 2756 906 2810 0.
925 2755 1010 2812 Kuhn

143 2845 207 2910 (Zur
219 2843 315 2900 altest.
330 2842 432 2899 Gesch.
446 2843 496 2898 der
508 2842 662 2911 indogerm.
675 2839 803 2908 leker).
840 2841 910 2894 Tum
925 2858 1010 2910 porro

43 2985 48 2992 ,
143 2928 266 2984 studium
284 2929 355 2985 illud
372 2927 423 2984 hos
447 2927 568 2998 populos
593 2931 730 2995 cognatos
754 2941 896 2981 essenon
920 2925 1010 2980 solum

143 3014 253 3083 origine
266 3031 361 3070 eorum
373 3012 585 3078 demonstravit,
599 3010 650 3066 sed
663 3009 748 3064 etiam
760 3010 909 3066 nonnullos
921 3026 1010 3080 usque

143 3099 179 3156 ad
196 3101 355 3170 posteriora
373 3105 501 3169 tempora
518 3097 592 3152 inter
609 3111 640 3150 se
663 3095 828 3150 coniunctos
851 3094 939 3152 inisse
962 3095 1010 3150 de·

143 3183 270 3254 claravit,
288 3183 415 3257 quamvis
433 3198 505 3244 nunc
523 3182 653 3240 diversae
672 3185 702 3238 et
719 3185 867 3254 separatae
880 3180 1010 3240 nationes
