2278 3760
497 275 667 335 ..spa

145 427 305 492 homiuibus
332 432 452 488 salutem
478 430 570 489 offert.
615 430 751 486 Attamen
776 430 874 501 inopie
899 431 1015 502 valebit,
1066 495 1069 500 ,

143 519 273 590 malique,
296 520 387 575 bonos
410 520 585 587 superantes,
606 530 656 570 eos
674 513 803 572 illudent.
844 515 917 586 Lupi
939 522 1015 573 cete·

142 621 249 676 raeque
270 604 381 661 bestiae
408 601 486 658 ferse
508 600 650 656 nocebunt
667 599 834 669 hominibus,
858 606 943 670 etque
968 615 1016 658 ros

142 689 314 760 sanguineus
341 695 422 759 teget
448 704 541 758 egros.
587 687 709 742 Iuvenes
734 685 897 754 morientur,
925 685 1016 742 morbi

143 779 231 843 utque
248 779 353 842 pestes,
378 773 478 841 omnia,
497 787 569 842 quse
586 773 687 841 vigent
704 771 734 825 in
752 771 844 840 terris,
863 769 1015 840 vexabunt

143 873 273 927 quaeque
290 855 399 926 profert
416 862 500 924 terre,
525 855 592 911 limo
617 862 699 912 erunt
716 861 794 912 tecte
812 861 842 912 et
858 855 1015 926 inquinate.

143 943 252 1008 Quibus
270 941 353 998 fectis
371 940 537 1009 Peschuten,
564 942 600 997 eb
626 939 836 996 Abora-Mende
869 937 971 1008 iussus,
998 955 1017 996 ο

142 1025 277 1080 Ksnkdiz
296 1025 419 1094 advenit,
447 1024 493 1082 oui
518 1026 604 1095 paulo
631 1032 699 1096 post
720 1026 847 1080 succedit
861 1023 1016 1081 Osehddsr-

143 1111 229 1167 osmi.
266 1110 309 1164 Ex
327 1126 383 1180 quo
401 1125 485 1181 quum
502 1109 665 1165 miraculum
681 1107 835 1179 postulent,
858 1109 947 1164 solem
963 1123 1018 1179 per

143 1197 242 1251 decem
261 1195 323 1250 dies
335 1195 429 1251 medio
441 1195 471 1250 in
483 1195 564 1251 coelo
576 1194 732 1250 consistere
744 1194 832 1250 iubet.
862 1195 1016 1264 Postquam

143 1286 257 1336 eentum
275 1284 305 1336 et
323 1279 528 1350 quinquaginta
550 1293 638 1334 annos
661 1278 801 1347 regnarit,
824 1275 923 1348 hiems,
946 1277 1015 1333 Mei·

143 1363 235 1422 kosch
258 1380 329 1434 quse
353 1371 484 1434 vocetur,
510 1365 540 1420 in
563 1371 654 1420 terres
676 1363 812 1431 irrumpet
835 1375 940 1432 easque
962 1375 1017 1432 per

143 1449 295 1506 triennium
318 1450 477 1521 occupabit.
523 1453 585 1518 Quo
611 1455 738 1519 tempore
765 1446 859 1502 omnis
885 1446 1019 1503 emmelis

144 1535 289 1603 occidunt3
314 1543 371 1593 tum
388 1543 489 1608 portae
507 1535 575 1592 Veri
593 1532 749 1591 Jemsehidi
766 1531 910 1603 patefiunt
928 1537 958 1588 et
974 1531 1017 1587 in-

145 1620 225 1676 colae
235 1619 317 1676 huius
329 1620 393 1688 loci,
410 1619 519 1690 egressi
531 1618 750 1688 frequentabunt
761 1618 857 1674 orbem
869 1623 1016 1674 terrerum.

145 1706 216 1760 Tum
235 1721 304 1762 vero
315 1707 427 1761 Hezero
439 1699 657 1762 Oschedar-muh
675 1701 765 1756 oritur
779 1715 933 1772 omnesque
950 1702 1016 1758 dee·

145 1807 243 1846 mones
265 1789 378 1846 obeunt.
425 1789 483 1844 Sed
507 1787 630 1844 noudum
655 1785 721 1840 meli
748 1791 859 1856 tempus
887 1793 1016 1843 exectum

147 1879 204 1944 est3
222 1889 285 1930 nem
303 1891 391 1946 prava
407 1875 539 1944 impietus
557 1877 588 1930 et
605 1888 734 1930 senense
749 1874 889 1944 religione
907 1875 1017 1932 alienus

146 1959 273 2015 homines
302 1959 419 2028 invadit,
447 1964 506 2014 tum
530 1958 664 2016 Sosioseh
693 1960 781 2028 venit,
814 1961 893 2016 cuius
922 1965 1017 2016 aetate

146 2043 266 2113 pestifer
283 2043 332 2099 ille
350 2043 459 2113 unguis,
481 2043 578 2098 Ddhoc
596 2045 644 2113 qui
661 2039 786 2113 vocetur,
811 2036 932 2101 vinculis
956 2045 1017 2100 suis

147 2129 176 2183 in
202 2129 367 2184 Demivend
396 2133 491 2183 monte
522 2127 673 2197 liberatus,
704 2130 835 2185 mundum
861 2133 1017 2200 pervemat,

147 2213 237 2268 donec
255 2212 460 2284 Sim-Kereoie
477 2227 540 2268 eum
557 2212 699 2270 devincet.
736 2213 805 2268 Tum
828 2213 950 2284 denique
967 2212 1017 2268 ho·

148 2297 237 2354 mines
255 2314 272 2352 a
288 2297 412 2368 pessimo
430 2313 541 2368 qnoque
557 2297 670 2352 liberati
689 2312 721 2352 nc
742 2297 858 2366 seretti,
874 2297 945 2352 nihii
961 2297 1018 2354 uisi

148 2383 266 2438 coelesti
293 2387 446 2437 vescuntur
471 2381 613 2450 alimento,
643 2381 789 2451 alteroque
812 2381 1018 2437 resurrectione

147 2466 231 2536 facte,
255 2467 336 2537 quusi
355 2466 460 2521 olerum
478 2467 622 2536 specuium
641 2472 769 2522 cunctum
794 2466 849 2521 crit
869 2465 1018 2522 humanum

148 2569 246 2623 genus.
270 2581 303 2592 -

216 2637 263 2691 LI.
293 2637 350 2692 Sed
367 2636 456 2692 multo
474 2635 620 2701 difficilius
638 2645 684 2694 est
701 2638 776 2708 opud
794 2634 958 2706 Aegyptios
975 2635 1017 2706 in·

148 2724 244 2780 venire
263 2723 424 2793 opinionem
441 2721 518 2776 iiiam
536 2723 572 2778 de
589 2723 684 2778 mundi
709 2721 807 2790 exitio,
829 2733 949 2789 quocum
973 2723 1019 2776 est

148 2811 296 2866 coniuncte
321 2823 388 2879 spes
411 2807 579 2864 suauissima
601 2808 637 2862 de
661 2807 766 2863 Messio
792 2805 859 2861 oiim
886 2809 1017 2860 venturo.

148 2895 236 2961 Quem
254 2893 415 2964 opinionem
432 2893 521 2962 igitur
537 2893 661 2962 reperire
680 2893 704 2946 si
722 2891 850 2958 velimus,
874 2889 1017 2958 respicere

146 2981 282 3038 debemus
300 2979 455 3036 tubulorum
476 2978 554 3033 illem
578 2977 680 3032 seriem
702 2977 739 3031 de
757 2974 834 3031 Iside
857 2978 888 3028 et
905 2972 1017 3030 Osiride

147 3066 184 3120 eir
202 3063 357 3135 Aegyptiis
372 3063 599 3133 compositarum,
620 3075 786 3132 quamquem
809 3057 855 3112 hie
879 3073 914 3114 ex
933 3069 1018 3128 egen·

148 3149 260 3205 tissime
276 3149 357 3204 fonte
375 3147 486 3203 haurire
502 3161 659 3218 possumus„
677 3159 761 3215 quum
777 3157 919 3215 perpauca
935 3139 1019 3196 modo

147 3233 201 3291 hoc
218 3233 254 3288 de
272 3249 303 3289 re
320 3232 490 3293 tradiderint
507 3231 676 3290 craecorum
694 3227 832 3300 suctores,
850 3233 881 3282 et
902 3227 1019 3303 Aegyp-
