2278 3760
468 210 636 263 ..10-

37 375 181 480 ¹¹obis
200 372 265 454 ⁰3⁸⁰
286 370 467 431 argumenta
483 365 512 419 in
530 361 641 431 legibus
658 357 694 412 de
706 356 884 428 homologia
902 367 938 418 et
957 379 1025 418 em-

142 450 262 516 ologffl,
286 461 370 515 qaae
393 465 479 505 unum
502 447 629 504 omnibus
651 441 742 498 fuisse
766 450 930 512 parentem
956 448 1025 519 pri-

101 543 243 622 itivnm,
260 526 478 590 demonstrent.

173 619 358 710 Quamquam
383 625 479 675 antem
502 616 599 688 opinio
624 612 675 667 illa
700 613 897 671 aDarwinio
926 618 1026 675 nobis

66 700 268 826 ptoposita,
286 701 387 756 omnia
409 703 562 758 animantia
584 699 705 767 ideoque
728 695 867 754 homines
891 717 1024 773 quoquo

72 823 162 891 011⁰
186 787 268 844 ortos
281 797 349 839 esse
361 793 491 856 parente,
509 788 640 856 comest,
657 797 731 852 quae
743 782 846 852 capiat
857 784 1024 844 indicendi

78 883 242 976 noflmm
258 863 430 925 facultatem
452 871 563 941 sibique
586 865 720 923 conciliet
741 865 857 924 animos
881 877 1025 940 nostros,

84 972 219 1059 „ega”
231 956 326 1050 tamen
336 969 396 1008 non
407 961 515 1025 potest,
526 951 699 1010 Darwininm
709 951 827 1006 modum
840 957 1025 1014 excessisse

91 1043 293 1141 ooniecturm
310 1041 463 1096 temerarie
480 1039 572 1106 sactis,
589 1051 681 1106 neque
694 1035 830 1091 animalia
841 1039 935 1108 plane
954 1059 1023 1100 ma.

94 1134 287 1226 ¹¹ifggtoque
311 1121 442 1179 seiuncta
465 1129 551 1194 atque
573 1126 726 1192 segregata
752 1137 811 1176 una
844 1140 883 1179 ex
917 1126 1025 1186 torma

97 1217 270 1329 prfinitiva
293 1222 357 1262 esse
381 1208 517 1276 ducenda,
539 1212 572 1262 nt
589 1208 650 1278 jam
671 1205 705 1260 R.
724 1205 856 1276 Wagner
874 1211 1022 1284 (Zoolog.

105 1313 258 1396 anihwp'
282 1292 450 1348 Untersuch.
478 1294 502 1347 Ι.
529 1291 584 1347 Die
606 1289 722 1346 Forsch.
747 1292 821 1347 iiber
844 1295 922 1352 Hirn
954 1301 1025 1357 und

138 1378 339 1465 ohandelbild.
358 1378 386 1432 d.
399 1377 524 1433 Mensch.
542 1377 576 1442 in
588 1374 664 1430 ihrer
679 1375 820 1432 Anwend.
841 1379 896 1436 auf
912 1381 1023 1452 einige

112 1474 280 1565 Pr0b¹⁰¹¹¹⁰
302 1463 353 1519 der
375 1461 488 1531 allgem.
513 1458 699 1529 Naturgesch.
724 1459 805 1516 Gerr.
831 1463 915 1532 1860)
941 1469 1026 1524 satis

117 1549 346 1646 demonstravit,
368 1562 450 1619 quam
472 1547 512 1602 sit
534 1545 642 1601 infirma
665 1548 752 1616 atque
773 1545 851 1603 levis
869 1549 1026 1612 Derwinii

169 1649 241 1715 inio.

121 1683 167 1740 op
201 1728 254 1792 1V.
282 1724 355 1779 Dum
378 1734 446 1774 vero
465 1717 549 1772 Alex.
569 1716 604 1772 ab
627 1715 785 1772 Humboldt
808 1717 930 1774 dubium
949 1737 1026 1786 esse

149 1828 227 1894 utet,
250 1829 286 1870 sn
302 1825 357 1864 uno
374 1802 499 1861 universi
521 1800 634 1856 humani
657 1801 772 1870 generis
790 1801 881 1860 fuerit
903 1814 1015 1864 auctor

152 1903 267 1979 11an1³
278 1897 362 1970 plane
374 1889 503 1946 dubitare
519 1903 575 1942 non
591 1903 675 1941 ausus
692 1887 739 1956 sit,
758 1888 825 1943 (lum
837 1853 1028 1964 R.Wagne1’·

132 2007 217 2073 oerte
230 1990 330 2048 eontra
344 1976 503 2050 opinionem
518 1971 595 2026 illum
612 1971 648 2026 de
665 1987 722 2026 uno
734 1974 859 2029 omnium
870 1975 1028 2037 hominum

158 2097 222 2153 atre
241 2073 348 2143 erepat,
366 2066 396 2120 in
407 2059 562 2118 craniorum
573 2055 663 2112 forma
674 2056 818 2114 commiti
835 2061 930 2132 nixus,
943 2051 1028 2134 quae

137 2177 208 2245 inde
235 2164 271 2222 ab
303 2147 497 2222 antiquissime
525 2141 667 2198 hominum
696 2144 833 2198 memoria
858 2163 952 2217 usque
985 2153 1028 2208 ad

138 2265 241 2331 „ostra
264 2253 392 2312 tempora
407 2249 463 2290 non
480 2231 587 2284 mutata
604 2225 643 2281 sit
661 2225 708 2281 vel
726 2226 939 2299 transformata,
968 2238 1028 2292 sed

142 2356 256 2418 semper
277 2327 375 2389 eadem
398 2313 581 2376 manserit-
600 2309 655 2366 etsi
678 2307 750 2364 nihil
770 2309 859 2368 habet
882 2322 1029 2376 momenti

121 2431 123 2434 .
145 2446 177 2499 et
194 2417 328 2505 pondtfifl
345 2410 398 2466 hac
415 2407 444 2461 in
456 2397 622 2474 quaestione
635 2401 829 2465 argumentum
841 2397 922 2469 illud,
940 2404 1029 2472 prins

146 2505 371 2585 commemorata.
393 2494 417 2551 si
444 2489 486 2546 uti
512 2482 629 2541 velimus
649 2480 788 2535 Baeriana
817 2486 964 2541 sententie
988 2489 1030 2546 de

148 2597 288 2675 formandi
311 2585 429 2650 ratione,
453 2589 524 2649 quae
541 2575 573 2626 nt
590 2569 619 2622 in
637 2566 732 2623 colore
750 2566 792 2622 ita
809 2569 897 2624 etism
914 2572 945 2628 in
964 2589 1032 2630 cra-

149 2697 259 2762 ntorem
282 2683 373 2739 forma
394 2659 552 2725 adhibenda
569 2659 614 2712 est
629 2684 662 2692 —
681 2651 730 2707 alii
754 2657 853 2708 contra
876 2655 932 2710 viri
958 2665 1031 2716 sunt

152 2769 309 2844 doctissimi
325 2757 438 2821 infinita
448 2763 539 2808 rerum
556 2737 727 2820 cognitionis
738 2738 822 2808 copia
840 2740 1031 2814 excellentes,

154 2866 202 2938 qui
226 2847 316 2918 unum
334 2847 423 2909 fuisse
447 2836 536 2896 totius
558 2823 671 2884 humani
695 2823 808 2892 generis
832 2830 978 2881 auctorem
999 2835 1032 2885 et

156 2956 302 3032 parentem
312 2945 451 3004 unamque
467 2919 587 2999 petriam
602 2912 751 2967 disserant.
778 2909 885 2980 itaque
898 2910 1031 2981 inprimi„

155 3036 286 3100 Burdaoh
303 3033 373 3104 (Der
390 3010 513 3079 uenam,
530 3024 558 3078 p.
577 2996 722 3064 tat—703)
744 2994 906 3052 luculentus
930 2994 1032 3053 harum

156 3136 248 3182 rerum
269 3123 356 3182 iudex
379 3097 511 3185 profiteri
533 3106 590 3149 non
612 3081 737 3150 dubitet,
764 3081 832 3151 quin
858 3081 1032 3138 sententiam

277 3215 411 3286 tanquam
432 3191 532 3270 =genus
561 3177 710 3241 tuncrum
741 3165 863 3230 liversis
895 3167 924 3229 iu
952 3167 1032 3234 ornis

157 3205 243 3285 hanc,
