2278 3760
497 241 666 296 ..55-

148 393 202 461 ille,
231 401 262 450 ut
281 412 316 450 ex
336 396 398 451 iooo
416 395 463 449 hio
480 393 568 450 allato
586 392 723 460 videmus,
751 393 779 448 in
797 410 917 464 anguem
934 395 1018 458 modo

147 485 261 550 pugnet,
286 480 385 548 Sivrit,
404 479 586 536 Germanious
605 477 654 532 ille
673 477 756 533 beros
774 495 830 533 nou
848 479 938 534 solnm
956 495 1018 534 oum

146 565 266 620 dracoue
291 565 426 634 confligit,
454 581 550 620 rerum
574 563 659 618 otiam
686 580 748 618 eum
775 563 859 633 plane
883 564 1018 632 devincit,

146 649 225 704 ouius
244 650 358 718 quidem
377 649 521 704 dimicatio
540 647 688 718 permultis
712 648 740 702 in
759 655 886 704 veterum
905 649 1018 704 Germa·

147 741 243 790 uorum
280 734 360 790 libris
395 734 539 804 descripta
574 739 627 789 est.
676 731 730 798 (Cf.
764 731 842 787 hdrn.
875 732 1018 802 Siegfried

146 821 168 875 Ι.
193 818 317 875 Abenth.
344 818 458 889 Stroph.
484 819 578 874 8-11.
605 818 649 872 ed.
676 816 1017 888 Simroek-Nibelungoul.

146 905 191 960 ed.
211 903 338 960 Zamcke
357 905 462 959 Avent.
483 903 547 958 XV.
568 901 681 972 Stroph.
702 905 738 970 7.)

214 988 350 1044 XXXIV.
383 989 421 1043 Et
440 987 518 1044 Slavi
532 1002 643 1057 quoque
657 987 729 1044 tales
742 987 777 1043 de
791 988 1019 1045 dimicationibus

149 1075 177 1128 in
191 1075 327 1130 draoones
345 1074 437 1142 gestis
448 1073 591 1129 habebant
602 1072 721 1128 fabulas.
758 1073 858 1142 Itaque
871 1073 1018 1128 Russioum

144 1159 293 1229 quendam,
319 1157 476 1213 Cauriionis
495 1157 543 1226 qui
561 1155 679 1212 haberet
696 1173 805 1224 nornen,
820 1160 954 1228 juvenem
978 1158 1018 1214 in·

144 1243 225 1312 genti
235 1241 360 1311 eorporis
370 1241 470 1297 robore
481 1241 637 1308 draconem,
644 1257 740 1296 omnes
750 1247 839 1296 terras
851 1247 1018 1308 vastantem,

143 1343 248 1397 quemn
267 1326 367 1382 evulsa
385 1323 563 1380 interfecisse
582 1325 748 1396 accepimus.
786 1324 862 1389 (Vid.
886 1324 1017 1381 Hanusoh

143 1413 191 1468 die
211 1410 423 1466 Wissenschaft
440 1411 491 1465 des
503 1409 574 1464 slav.
588 1408 702 1480 Mytbus
714 1427 742 1479 p.
755 1409 827 1478 324.)
864 1411 1018 1466 Craooviae

144 1503 174 1552 et
184 1495 291 1551 nostris
306 1507 418 1565 quoque
433 1493 605 1563 temporibus
618 1495 772 1550 ostendunt
783 1495 887 1550 montis
900 1501 1017 1564 antrum,

145 1582 194 1638 ubi
214 1579 386 1637 habitaverit
404 1581 489 1636 draco
507 1581 557 1636 ille
575 1580 719 1636 horribilis
737 1598 755 1635 a
767 1579 855 1635 Craoo
873 1579 1019 1636 fraudibus

144 1673 175 1722 et
200 1666 229 1720 vi
255 1667 395 1720 devictus.
433 1666 553 1730 Quarum
577 1676 646 1722 rero
665 1664 838 1720 Slaviearum
862 1663 897 1719 de
921 1665 1017 1720 draco·

143 1751 227 1806 nibus
252 1749 410 1804 interfectis
435 1748 590 1805 fabularum
615 1748 749 1805 habemus
773 1749 918 1818 quandam,
945 1763 1018 1818 quae

145 1835 264 1904 gravior
286 1839 331 1890 est
347 1841 466 1905 propter
482 1835 632 1890 manifesta
649 1833 827 1904 antiquitatis
844 1835 933 1904 signa,
951 1849 1017 1904 qua-

144 1926 265 1990 propter
284 1917 402 1974 hicnon
421 1918 535 1974 silentio
553 1919 759 1989 praetereunda
777 1925 829 1974 est.
866 1918 1018 1975 Venatoris

145 2007 220 2060 eninr
239 2003 347 2071 mulier,
366 2018 450 2073 quum
462 2004 601 2072 quondam
613 2003 693 2074 fraga
706 2003 823 2074 legeret,
842 2004 1018 2074 gravissimis

144 2090 303 2146 vexabatur
332 2089 477 2144 doloribus
507 2093 592 2157 atque
617 2089 755 2158 gemellos
780 2090 871 2144 edidit
899 2106 1016 2159 pueros:

143 2180 257 2244 partum
283 2174 454 2242 sequebatur
470 2190 554 2228 mors.
596 2174 677 2242 Lupa
694 2179 787 2228 autern
809 2179 839 2228 et
855 2191 930 2242 ursa,
947 2189 1017 2242 quas

143 2258 297 2313 miserebat
323 2257 472 2313 infantium
499 2258 574 2312 omni
601 2257 707 2312 auxilio
731 2256 940 2327 destitutorum,
967 2275 1017 2314 eos

143 2349 358 2412 assumpserunt
382 2349 467 2413 atque
490 2343 624 2399 uberibus
642 2343 701 2398 suis
719 2342 857 2398 aluerunt.
888 2344 1016 2408 'Quorum

143 2445 293 2498 puerorum
313 2428 386 2484 alter
404 2435 484 2484 tanto
503 2435 564 2483 erat
589 2428 735 2498 praeditus
759 2427 885 2498 corporis
907 2430 1016 2497 robore,

144 2519 176 2568 ut
185 2519 295 2570 montes
307 2515 397 2584 (gom)
410 2514 541 2570 volveret
553 2513 662 2581 (walit),
681 2512 860 2582 quamobrem
871 2513 1018 2582 Waligora

144 2598 303 2654 nominatus
317 2605 374 2668 est3
399 2597 471 2653 alter
484 2614 553 2654 vero
565 2615 620 2653 nou
633 2599 723 2653 minus
737 2597 856 2665 validus,
875 2597 1017 2667 apellatus

144 2687 190 2738 est
219 2683 393 2753 Wyrwidab,
423 2683 553 2751 quoniam
584 2683 749 2739 altissimam
778 2697 910 2752 quereum
939 2682 1015 2751 (dab)

144 2767 270 2823 evellere
290 2766 448 2838 (wyrywal)
466 2773 589 2836 poterat.
626 2767 719 2824 Ambo
738 2768 854 2836 abibant
876 2767 1016 2824 fortunam

146 2852 291 2906 tentaturi.
328 2852 361 2906 ln
379 2851 480 2907 itinere
500 2857 593 2906 autem
611 2851 745 2908 fratribus
763 2851 1016 2908 oeourritbomun-
1120 2885 1121 2892 κ

145 2935 234 3003 ouius,
252 2936 300 3005 qui
318 2936 377 2992 illis
395 2936 488 2992 velum
507 2942 591 3004 atque
605 2935 716 2992 calceos
731 2937 857 3006 donavit,
875 2937 923 3006 qui
936 2937 1015 2992 mira-

144 3019 196 3076 bili
214 3020 337 3090 praediti
356 3027 436 3076 eraut
453 3021 490 3088 vi,
509 3027 541 3075 ut
552 3025 753 3090 'possessorem
771 3039 851 3078 suum
868 3039 924 3078 uno
942 3021 1016 3077 saltu

145 3105 242 3160 deoem
259 3103 355 3160 millia
377 3121 508 3176 passuum
533 3110 726 3176 transportare
744 3113 871 3177 possent.
909 3107 1015 3172 Quibus

145 3189 298 3258 praeclaris
316 3190 398 3246 donis
417 3189 543 3261 expediti
569 3189 671 3246 fratres
694 3190 806 3262 lougius
824 3190 1016 3260 migraverunt

1127 2391 1128 2417 r

1125 2447 1127 2494 i
