2278 3760
477 240 647 294 ..37-

121 398 180 456 und
205 397 282 452 reine
301 395 404 452 Seelen
428 393 555 450 wechten
579 392 630 446 mit
649 391 738 461 Serge
764 393 833 447 iiber
850 392 994 462 Tssehter,

121 483 175 536 der
198 481 252 536 wie
275 480 336 535 drei
355 480 467 548 Kdrper
490 478 547 545 het,
571 475 653 531 einen
678 475 893 546 mensehliehen,
916 478 994 534 einer

122 565 243 622 Pierdes
260 564 317 618 und
336 562 435 618 Stiers.
478 563 512 616 30
530 561 609 631 Tege
626 561 683 615 und
700 563 735 616 30
753 560 860 617 Nitehte
879 563 994 632 gliinzte

122 653 186 708 sein
198 649 282 704 Lieht
299 648 372 704 hoeh
390 649 447 704 und
464 651 547 702 unter
560 645 656 716 jede'm
672 647 783 715 Kurper
800 648 856 715 gub
875 665 906 703 er
923 648 995 704 zehn

122 737 203 806 -Tege
217 737 331 805 Regem
349 735 403 791 wie
423 751 454 790 es
472 749 528 788 von
546 733 601 786 den
613 732 781 788 Fixsternen
793 731 897 790 heisst:
911 735 996 807 jeder

122 822 219 878 dieser
237 820 338 876 Sterne
356 820 406 876 hat
423 821 484 876 drei
502 813 622 894 Kdrperi
659 816 748 872 Jeder
765 817 995 890 Wassertropfen

122 923 182 962 wer
199 906 253 961 wie
272 905 336 960 eine
354 920 453 974 grosse
473 901 583 958 Schele.
620 898 844 956 Mensehenhoeh
868 921 926 958 war
947 902 994 958 die

122 991 199 1046 Erde
226 1007 299 1058 ganz
326 989 377 1044 mit
404 989 520 1044 Wasser
546 986 678 1044 bedeekt.
725 987 790 1042 Alle
812 985 995 1043 Khurfesters

124 1074 284 1140 (Ahrimani
303 1072 443 1141 animalia)
465 1073 516 1128 auf
530 1074 624 1128 Erden
647 1074 761 1129 sterben
784 1073 871 1129 dureh
895 1073 994 1130 diesen

122 1161 231 1230 Regen,
260 1175 290 1214 er
313 1156 490 1226 durehdrsng
517 1157 572 1212 alle
596 1156 772 1226 Oeffnungen
799 1159 871 1212 ete.“
916 1159 994 1224 Quae

122 1247 272 1300 Persarum
284 1245 319 1299 de
335 1243 444 1300 diluvio
462 1242 565 1310 subula,
584 1241 711 1311 quemvis
728 1259 816 1311 parve
834 1248 864 1298 et
882 1245 993 1312 exigua,

121 1331 220 1385 miram
250 1335 342 1384 tamen
366 1328 452 1384 hebet
479 1327 691 1383 similitudinem
715 1345 818 1397 eorum,
846 1345 917 1398 quse
941 1327 994 1382 hae

122 1415 158 1468 de
172 1431 202 1468 re
215 1412 377 1468 nTelmude
390 1411 471 1468 nobis
484 1417 654 1480 enarrantur,
667 1413 733 1482 quia
746 1417 775 1468 et
787 1410 993 1470 Bun-Deheseh

124 1515 160 1554 ex
179 1503 257 1552 astro
275 1497 396 1566 quodem
413 1496 550 1552 diluvium
568 1497 596 1552 in
615 1503 704 1552 terras
722 1496 856 1566 irrupisse
874 1501 965 1566 putat.

193 1583 272 1640 XXI.
302 1581 359 1638 Sed
377 1581 461 1652 longe
479 1582 622 1654 eopiosior
640 1591 669 1636 et
690 1581 809 1650 amplior
826 1597 908 1650 quem
927 1581 991 1634 Per-

122 1685 215 1724 surum
244 1668 280 1722 de
316 1665 424 1722 diluvio
460 1672 505 1722 est
540 1666 721 1736 Assyriorum
754 1665 857 1722 fabula.
913 1666 991 1731 Quae

124 1753 246 1822 quidem,
265 1757 378 1822 praeter
396 1755 515 1820 eeteros,
539 1752 574 1807 ab
592 1749 721 1821 Josepho
740 1755 770 1805 et
793 1750 926 1818 Eusebio,
945 1749 992 1819 qui

125 1838 225 1894 Berosi
245 1844 275 1892 et
293 1836 425 1907 Abydeni
443 1835 597 1892 relationes
614 1841 760 1903 noverant,
778 1835 860 1892 nobis
879 1835 991 1902 tradita,

123 1923 272 1978 Saturnum
290 1926 385 1976 narrat
408 1919 553 1988 Xisuthro,
581 1922 629 1991 qui
651 1921 776 1976 decimus
800 1920 886 1976 suerit
909 1919 992 1976 homo

124 2008 189 2062 iude
209 2007 332 2077 aprime
351 2005 463 2060 humani
480 2006 594 2075 generis
617 2011 743 2077 parente,
770 2005 991 2076 praenuntiasse,

123 2109 155 2150 se
173 2092 272 2162 quinte
291 2091 399 2146 deeimo
417 2091 515 2146 Daesii
540 2092 643 2148 mensis
662 2091 717 2160 die,
735 2090 943 2146 violentissimo
962 2095 992 2144 et

123 2177 363 2248 perniciosissime
381 2175 489 2232 diluvio
507 2177 637 2232 mundum
654 2192 709 2229 una
726 2192 787 2230 eum
806 2173 992 2230 animantibus

124 2263 186 2318 eius
210 2262 290 2332 equis
314 2262 518 2318 submersurum
546 2277 618 2318 esse.
664 2260 763 2329 Itaque
787 2258 951 2314 Xisuthrum
975 2276 993 2314 a

123 2348 178 2404 deo
197 2348 310 2412 iussum,
329 2347 497 2402 memoriam
527 2347 562 2402 de
592 2345 682 2416 prima
707 2343 802 2398 mundi
830 2343 992 2398 conditione

74 2481 79 2490 ,
124 2433 256 2502 seriptum
267 2433 295 2486 in
306 2431 381 2486 Solis
391 2432 468 2501 urbe,
487 2431 614 2502 Sippara,
631 2428 852 2486 abscondidisse.
880 2425 991 2482 Deinde

123 2533 252 2586 magnum
265 2517 438 2572 exstruxisse
456 2533 564 2585 navem,
582 2532 664 2584 quam
677 2530 738 2569 enm
751 2513 848 2569 liberis
861 2517 891 2567 et
904 2527 991 2566 uxore

124 2608 155 2656 et
180 2601 277 2656 amieis
312 2601 518 2670 eonseendisse,
554 2599 681 2656 omnibus
716 2597 927 2668 quadrupedum
963 2601 992 2652 et

124 2692 281 2742 ceterorum
299 2685 458 2741 animalium
476 2685 627 2756 generibus
646 2701 740 2740 seeum
752 2682 853 2738 ductis.
890 2681 992 2736 Areum

124 2772 239 2826 tandem
256 2770 285 2824 in
303 2771 464 2825 Armenium
483 2769 629 2841 appulsam
651 2786 724 2825 esse.
765 2769 867 2825 Tribus
892 2766 992 2823 diebus

124 2861 192 2926 post
220 2872 352 2925 aquarum
381 2871 531 2924 recessum,
562 2853 727 2910 Xisuthrum
757 2869 826 2910 eves
856 2852 992 2919 emisisse,

125 2957 209 3010 quum
239 2940 280 2996 ita
308 2940 467 3010 pereunturi
497 2939 594 3007 vellet,
625 2945 717 2997 utrum
750 2938 828 2994 orbis
856 2943 991 2993 terrerum

124 3023 234 3086 diluvio
253 3023 389 3080 liberatus
408 3024 446 3080 sit
463 3039 560 3079 necue.
596 3023 703 3078 Iterum
720 3029 806 3094 utque
824 3023 934 3090 iterum,
952 3022 993 3074 ita

125 3110 199 3164 famu
227 3114 357 3178 vagatur,
387 3125 456 3164 aves
484 3108 549 3164 illus
579 3109 698 3164 rediisse
727 3113 871 3179 pestremo
898 3105 992 3158 limum

124 3195 246 3266 pedihus
270 3199 409 3264 tenentes,
435 3199 537 3265 postes
560 3209 628 3251 vero
652 3193 736 3266 plene
754 3209 810 3252 uon
828 3189 990 3264 revertisse.
