2278 3760
450 229 637 284 ..102-

111 400 175 438 nem
197 383 306 438 flamme
324 397 440 438 oerusen
457 383 566 452 signum
585 382 621 437 iis
645 387 717 450 erat,
736 386 842 437 certum
859 381 984 436 nondum

112 466 208 521 mundi
226 466 344 522 exitium
361 466 484 522 venisse.
522 465 579 521 Sed
596 465 648 521 huo
666 467 695 520 in
713 483 764 536 spe
779 466 908 535 equidem
922 465 984 535 opi·

111 551 224 607 nionem
250 550 459 606 Menioauornm
489 549 525 604 de
555 549 659 604 Messio
691 550 830 619 quondum
861 555 984 605 venturo

112 633 299 702 mundumque
317 633 397 688 melis
416 647 528 702 quoque
546 631 700 688 liberatore
718 633 813 688 video.

182 717 267 788 Apud
286 716 448 772 Australies
465 714 622 786 permultae
640 716 707 771 illae
725 716 838 772 fabulae
856 717 892 772 de
910 717 984 771 redi-

113 802 238 858 tionibus
257 817 293 856 ex
305 801 404 856 inieris
421 801 450 855 in
465 800 538 854 huno
555 801 694 868 mundum,
713 801 814 871 quibus
832 802 862 856 in
879 801 985 858 fabulis

113 885 327 942 resurrectionis
360 885 489 940 doctrina
519 884 708 953 significatur,
742 885 872 954 exempla
902 884 986 940 nobis

113 971 194 1038 dant,
218 969 379 1040 opinionem
403 969 480 1023 illam
504 969 539 1023 de
563 968 744 1023 restitutione
767 969 863 1023 mundi
887 975 917 1024 et
940 969 986 1024 his

112 1055 227 1126 populis
245 1070 417 1110 communem
435 1053 537 1108 fuisse:
562 1069 625 1107 nam
648 1058 681 1108 ut
703 1054 758 1107 iam
782 1071 867 1123 supra
890 1060 985 1110 osten-

113 1139 213 1204 dimus,
241 1153 352 1207 semper
375 1154 436 1192 eum
460 1153 511 1206 spe
538 1137 659 1192 Moesiae
687 1142 717 1192 et
741 1137 837 1192 mundi
865 1139 988 1194 vindicis

114 1223 254 1294 quondam
280 1221 392 1278 venturi
416 1220 565 1276 ooniuneta
588 1225 633 1275 est
656 1220 753 1290 opinio
770 1223 987 1279 resurrectionis

117 1313 297 1364 mortuorum.

185 1508 230 1564 Ite
245 1509 423 1577 pervenimus
442 1508 477 1562 ed
495 1507 577 1562 finem
596 1507 760 1576 fabularum,
779 1525 895 1578 quarum
914 1509 990 1564 inter

113 1610 145 1649 se
167 1608 305 1648 consensu
323 1599 353 1648 ot
370 1591 486 1659 caussis,
515 1607 584 1660 quas
603 1607 687 1661 supra
705 1594 990 1662 commemoravimus,

115 1693 287 1732 communem
306 1693 369 1732 esse
387 1675 499 1731 humani
512 1676 626 1744 generis
639 1675 777 1744 originem
789 1677 885 1746 itaque
905 1694 989 1732 uuam

115 1762 186 1817 illud
208 1761 340 1818 habuisse
363 1761 497 1830 patriam,
525 1760 717 1814 demonstrare
744 1777 795 1829 pro
822 1761 989 1816 iuvenilium

116 1851 273 1900 nostrarum
291 1845 393 1898 virium
423 1843 536 1898 modulo
561 1845 654 1899 eonati
680 1862 787 1912 sumus,
813 1849 989 1916 et‘quamvis

115 1929 190 1986 hond
202 1931 371 1998 ignoremus,
390 1929 444 1984 hoe
460 1933 557 1984 nostro
576 1935 677 1984 conatu
695 1929 892 1999 perdifficilem
910 1930 988 1985 illem

116 2013 310 2082 quaestionem
322 2013 358 2066 de
371 2029 439 2067 vere
452 2018 481 2066 et
494 2011 614 2080 simplici
626 2012 737 2067 humani
752 2014 866 2082 generis
877 2015 989 2084 origine

115 2098 237 2152 nondum
251 2112 314 2151 esse
328 2096 456 2163 solutam,
474 2101 568 2150 tamen
580 2113 732 2166 speramus,
751 2096 812 2152 fore
828 2103 859 2153 ut
874 2097 989 2154 libellus

115 2185 212 2235 noster
242 2180 339 2249 aequis
367 2184 396 2234 et
424 2179 526 2249 peritis
555 2180 695 2235 iudicibus
718 2196 774 2235 nou
798 2197 913 2251 prorsus
937 2182 988 2237 im·

115 2265 259 2335 probetur.
