2278 3760
445 227 668 283 ...94-

148 379 244 434 mundi
261 379 351 437 exitio
368 381 485 450 eiusque
497 395 550 450 per
561 384 734 436 servatorem
752 381 936 438 restitutione
954 397 1020 438 oon·

148 461 233 519 foeta
269 463 338 520 llam
356 461 501 534 Dionysus
518 465 608 521 bonus
626 465 676 520 ille
694 471 725 520 et
741 464 910 522 felicitatem
931 469 1020 522 omni·

147 546 200 603 bus
226 547 348 604 efferens
379 549 450 604 (leus
481 549 663 620 interficitur,
692 555 725 605 ut
752 553 827 622 apud
854 553 1020 622 Aegyptios

148 631 237 688 Osin's
249 627 425 704 (Typhone,
443 633 631 690 aemiulibus
643 631 702 688 illis
715 634 874 704 Titanibus,
893 640 1020 691 attamen

148 717 251 775 aJove
264 717 358 775 denuo
375 717 508 786 reiectus,
520 717 637 776 Titanes
654 717 782 774 funditus
794 719 924 776 (levinoit
935 735 1019 791 supe-

147 809 246 872 ratque
272 809 302 860 et
328 819 439 858 auream
465 801 708 859 retentantem.
745 804 845 873 Itaque
865 805 1019 861 manifesto
1129 809 1130 844 3

146 889 229 946 nobis
252 889 379 946 ostendit
395 888 498 944 labala
519 887 576 956 illa,
600 887 724 944 Greeeos
741 887 874 946 habuisse
891 889 964 944 hane
982 891 1019 945 de

146 975 241 1031 mundi
260 975 349 1030 exitio
367 979 398 1030 et
408 974 513 1030 Massia
524 973 592 1029 olim
603 977 724 1028 venturo
735 973 906 1043 opinionem.
936 973 1019 1040 Quod

146 1062 259 1130 quidem
290 1059 410 1116 maxime
441 1059 535 1116 eluuet
565 1073 601 1111 ex
629 1055 729 1113 ultimo
754 1057 874 1118 ,huiusne
904 1057 1019 1114 fabulae

145 1151 300 1202 momento:
327 1160 439 1201 auream
465 1145 540 1200 enim
565 1145 687 1197 aetatem
708 1141 1018 1214 Dionysum-Zagrum
1129 1145 1130 1152 ¹

146 1234 248 1288 iterum
269 1230 438 1287 reiecturum
463 1230 628 1292 audivimus,
645 1224 676 1280 id
694 1231 748 1294 eet,
767 1227 899 1281 mundum
918 1232 948 1282 et
967 1226 1018 1282 hu·
1129 1223 1130 1292 l

146 1333 255 1372 manum
272 1331 362 1386 genus
377 1315 457 1371 adeo
469 1315 520 1370 illo
530 1312 723 1384 adpristinum
732 1311 881 1368 felioitatis
890 1314 1019 1384 gradum

146 1401 257 1470 qualem
280 1400 363 1456 initio
385 1413 476 1456 rerum
499 1397 656 1467 habuerint,
674 1399 818 1455 redactum
835 1401 884 1454 irl:
914 1406 946 1456 et
963 1399 1019 1456 hoo

145 1486 258 1555 quidem
280 1501 380 1541 revera
401 1484 521 1541 Moesiae
545 1483 631 1539 otiam
653 1489 698 1540 est
719 1485 905 1554 propositum,
932 1499 1018 1554 quem

145 1571 284 1640 quondam
306 1570 388 1626 nobis
412 1575 559 1626 ventosum
586 1569 664 1625 Deus
690 1568 756 1640 Opt.
775 1570 848 1626 Max.
875 1585 930 1640 per
951 1585 1018 1640 pro-
1129 1621 1130 1624 ,

145 1655 246 1727 phetas
263 1655 401 1726 promisit.

214 1739 1018 1811 Sedqoantaetquallsexvetemmopinione‚lelioitasil-

146 1826 342 1897 liustemporis
349 1823 495 1893 futurasit,
504 1823 607 1881 haeeoe
616 1823 779 1882 nosdooent
786 1821 907 1895 Vergilii
915 1827 1018 1882 verba:

179 1913 298 1979 Magnus
315 1911 351 1966 ab
368 1911 480 1980 integro
498 1909 652 1968 saeclorum
670 1907 796 1965 nascitur
814 1910 891 1977 ordo,

181 1996 245 2051 Jam
263 1995 338 2050 redit
355 1997 385 2048 et
403 1993 502 2064 Virgo,
520 1995 640 2051 redeam
656 1993 790 2050 Saturnia
806 1995 907 2064 reg'na:

178 2081 244 2136 Jam
261 2095 335 2136 nova
352 2079 504 2149 progenies
521 2079 602 2135 ooelo
620 2077 779 2132 demittitur
796 2076 864 2132 alto.

163 2167 222 2230 'Tu
239 2166 324 2222 modo
340 2165 467 2221 nascenti
484 2180 573 2235 puero
591 2177 647 2233 quo
664 2164 758 2218 terrea
774 2163 891 2233 primum
929 2201 932 2204 -

179 2252 307 2319 Desinet,
326 2265 359 2306 ao
375 2255 439 2304 toto
457 2255 556 2318 surget
573 2265 643 2318 gens
662 2263 746 2302 aurea
765 2245 875 2316 mundo,

179 2336 265 2392 Gesta
281 2335 347 2390 lave
365 2335 485 2390 Luoina:
503 2339 568 2389 tuus
585 2333 641 2389 iam
658 2339 760 2403 regnat
777 2333 892 2403 Apollo.

178 2505 220 2560 Te
237 2505 317 2573 duee,
335 2505 360 2560 si
378 2517 434 2574 qua
450 2509 563 2559 manent
581 2503 697 2560 sceleris
715 2503 839 2572 vestigia
856 2503 957 2570 nostri,

178 2591 263 2646 Irrita
278 2588 547 2660 perpetuasolvent
564 2587 714 2644 formidine
732 2593 831 2644 terras.

178 2676 232 2731 llle
250 2676 341 2730 Deum
357 2675 445 2730 vitam
463 2673 592 2745 aeoipiet,
610 2672 749 2742 Divieque
767 2672 878 2729 videbit

146 2809 148 2814 .
178 2760 336 2816 Permixtou
353 2758 462 2827 heroas,
481 2758 590 2828 etipse
608 2758 752 2814 videbitur
768 2758 840 2814 illis:

178 2847 366 2914 Paestumque
384 2849 466 2913 reget
482 2843 584 2913 patriis
601 2843 755 2899 virtutibus
772 2844 877 2900 orbem.

177 3017 261 3088 Ipsae
279 3015 353 3071 laete
370 3015 482 3070 domum
498 3013 623 3068 reserent
640 3013 766 3069 distenta
783 3012 910 3084 capellae

176 3101 285 3157 Ubera:
302 3115 354 3154 neo
370 3113 488 3167 magnos
504 3101 632 3152 metuent
649 3102 775 3151 armenta
792 3097 899 3152 leones.

177 3185 246 3260 lpse
261 3184 316 3240 tibi
332 3182 451 3239 blandos
469 3181 588 3238 fundent
605 3181 743 3238 cunabula
760 3182 858 3241 liores:
