2278 3760
488 267 659 324 -gg-

139 419 327 496 rapacium
344 422 382 492 μή
398 427 525 496 τρέφειν,
544 421 755 494 ἀπονυχίσμασι
772 421 820 475 ascl
839 422 957 494 κουραῖς
973 417 1015 488 μή

141 509 274 578 ἐπουρεῖν
300 508 373 574 μηδὲ
401 507 650 578 carcassonem.
678 519 795 573 quonum
822 503 1015 574 symbolorum

140 593 216 662 quod
232 598 406 662 postremum
423 595 567 658 memorat,
584 589 681 644 miram
696 588 783 646 habet
800 589 1016 644 similitudinem

140 675 287 746 praecepti
305 674 383 732 illius
401 674 533 730 Indorum
551 691 586 732 ox
604 674 813 747 Yijnavallrys,
831 675 910 730 cuius
929 691 1016 745 supra

140 759 312 814 mentionem
330 757 457 815 fecimus.

209 843 300 898 XLII.
329 842 436 908 Quodsi
458 860 527 902 voro
545 844 620 915 apud
637 843 787 910 Romanos,
811 843 887 912 quod
909 843 946 897 ad
968 857 1014 898 ca·

138 927 225 997 pillos
243 934 273 984 et
289 943 399 996 ungues
416 935 543 986 resectos
566 929 679 996 attinet,
704 928 819 984 eosdem
841 928 902 983 fere
920 944 1015 984 mores

139 1016 169 1066 ot
193 1011 413 1068 consuetudines
431 1011 520 1069 fuisse
544 1014 680 1082 videmus,
707 1013 736 1068 id
758 1013 857 1068 mirum
880 1031 936 1069 nou
959 1020 1015 1084 est,

139 1095 206 1166 quis
231 1096 359 1166 repititio
386 1098 471 1154 modo
498 1098 612 1156 videtur
638 1099 730 1155 cultus
757 1099 867 1168 Graeci,
894 1115 930 1154 ex
957 1116 1016 1169 quo

140 1181 328 1236 Romanorum
340 1189 468 1238 cunctam
479 1182 539 1239 fore
552 1199 697 1240 emanasse
712 1183 880 1252 religionem
890 1189 1014 1238 constat.

140 1266 238 1323 Nihilo
255 1283 324 1324 vero
342 1267 433 1324 minus
452 1268 530 1324 looos
548 1269 684 1338 quosdam
701 1267 748 1324 hic
765 1268 925 1324 afferendos
942 1275 1016 1340 puto

140 1367 176 1408 cx
203 1352 390 1406 Romanorum
417 1359 562 1408 auctorum
589 1352 712 1422 scriptis,
745 1353 811 1423 quia
837 1353 957 1408 Romam
984 1354 1016 1408 id

140 1436 243 1492 clarius
249 1435 470 1506 explicaverunt,
477 1437 554 1506 quod
561 1437 707 1492 obscurius
719 1442 838 1506 apparot
846 1437 879 1490 in
889 1435 1013 1492 Graeco-

139 1537 199 1576 rum
208 1520 378 1576 auctoribus.
415 1520 515 1590 ltaque
531 1519 608 1576 canit
617 1519 763 1588 Vergilius
773 1520 857 1585 (Aen.
869 1519 930 1588 VI„
940 1520 1014 1590 246.)

207 1606 246 1660 Et
263 1621 384 1660 summas
401 1621 520 1676 carpens
537 1605 630 1661 media
647 1605 722 1660 inter
740 1621 844 1660 cornua
860 1612 948 1676 setas,

207 1690 325 1759 Ignibus
343 1690 569 1760 impositurum
587 1689 721 1746 libamina
737 1689 827 1759 ponsa

207 1774 286 1829 Voce
305 1789 410 1832 vocans
427 1775 554 1830 Hecaten
566 1805 599 1814 -

137 1859 214 1930 quod
233 1859 317 1929 plane
342 1859 485 1914 consentit
507 1875 568 1914 cum
586 1857 757 1914 Graecorum
783 1857 869 1927 cultu,
898 1859 1013 1928 qualem

137 1944 259 2000 vidimus
270 1942 306 1998 sb
318 1943 440 1997 Homero
453 1943 535 1998 nobis
546 1942 727 2012 descriptum.
739 1973 772 1984 -
782 1942 944 2000 Clarissimo
960 1943 1014 2000 hac

137 2029 173 2083 de
192 2044 222 2084 re
240 2027 328 2083 verba
345 2027 416 2082 fecit
428 2027 505 2082 inter
514 2028 701 2083 Romanorum
713 2034 844 2084 auctores
855 2027 887 2082 C.
901 2029 1013 2086 Plinius

138 2112 211 2179 Sec,
229 2113 278 2182 qui
296 2113 332 2168 do
350 2111 487 2181 singulari
510 2112 561 2168 ills
582 2120 613 2168 et
636 2112 706 2167 mira
723 2113 858 2181 unguium
876 2119 907 2168 et
924 2115 1013 2184 capil-

138 2199 227 2253 lorum
245 2197 399 2254 recisorum
416 2197 445 2252 vi
464 2195 541 2263 (hist.
555 2203 612 2252 nat.
630 2197 673 2252 28.
687 2197 724 2265 2.)
738 2198 859 2276 lasseris:
879 2198 1014 2268 „Ungues

137 2280 259 2338 resecari
277 2279 409 2336 nundinis
427 2280 559 2336 Romanis
584 2282 690 2352 tacenti
709 2288 795 2352 atquo
818 2299 836 2338 a
858 2283 952 2352 digito
970 2284 1013 2338 in·

137 2367 208 2432 dice,
235 2365 384 2420 multorum
412 2364 549 2436 pecuniae
577 2363 743 2434 religiosum
762 2359 825 2432 eat.
871 2367 1014 2438 Capillum

136 2465 205 2506 vero
215 2449 382 2506 contrectari
392 2452 491 2503 contra
500 2448 624 2504 defluvia
634 2465 667 2504 ac
678 2449 792 2515 dolores
801 2451 904 2520 capitis
913 2451 1011 2508 XVII.

138 2535 217 2590 Luna
238 2539 323 2604 atque
342 2535 468 2588 XXIX.“
511 2533 590 2589 Idem
614 2540 713 2589 auctor
736 2535 825 2590 refert
848 2535 927 2600 (hist.
951 2544 1010 2594 nac

135 2619 178 2686 28,
196 2619 247 2688 7.):
276 2618 336 2688 „Ex
360 2617 481 2674 homino-
496 2617 639 2688 siquidem·
660 2619 819 2688 resegmina
840 2622 977 2690 unguium
994 2638 1013 2677 e

135 2703 255 2772 podibus
284 2703 468 2774 manibusque
495 2719 559 2758 cera
588 2703 742 2778 permixta,
775 2706 822 2768 ita¹
841 2711 873 2760 ut
900 2705 1020 2780 dicatur

135 2787 275 2844 tertianae
294 2787 341 2844 vel
359 2787 550 2857 quotidianae,
575 2787 622 2844 vel
645 2794 799 2858 quartanae
823 2789 896 2846 febri
921 2805 1011 2846 reme·

135 2871 211 2925 dium
235 2872 340 2940 quaeri,
368 2879 433 2928 ante
458 2871 529 2927 solis
552 2879 643 2927 ortum
667 2871 776 2927 alienae
801 2873 902 2928 ianuas
929 2875 1011 2944 affigi

134 2955 233 3016 iubant
253 2956 289 3018 ad
310 2955 435 3010 remedia
451 2956 480 3010 in
498 2955 534 3011 iia
558 2957 675 3013 morbis:
702 2963 807 3027 quanta
829 2959 957 3014 vanitate
982 2959 1007 3014 si

137 3039 238 3094 falsum
257 3044 309 3108 est,
335 3045 475 3110 quantave
494 3057 568 3094 noxa
591 3039 615 3097 si
638 3040 813 3098 transferunt
836 3043 949 3108 morbos
974 3044 1012 3100 sd

136 3125 355 3180 innocentiores.
392 3125 435 3178 Ex
453 3123 497 3177 his
522 3125 642 3179 omnium
669 3125 823 3194 digitorum
850 3128 1012 3197 resegmioa

137 3209 279 3278 unguium,
292 3209 328 3263 sd
338 3225 472 3264 cavernas
482 3208 657 3264 formicarum
667 3209 752 3282 abiioi
761 3210 868 3281 iubent,
881 3228 1010 3283 eamque,
