2278 3760
481 246 650 304 ..77-

198 395 267 454 Alio
286 396 349 452 loeo
367 397 493 454 eiusdem
510 397 651 467 poematis
669 396 821 466 (Kelewip.
839 395 906 450 Ges.
918 395 999 452 XIII.

127 483 204 548 830.)
222 481 344 536 traditur
355 482 467 538 Kelewi
484 482 560 538 filius
572 482 712 551 quondum
729 481 759 536 in
770 480 876 547 diaboli
892 487 1001 536 antrum

128 567 253 634 venisse,
277 567 325 622 ubi
343 574 473 638 petasum
490 567 632 624 invenerit
650 583 686 622 ex
709 565 843 634 unguium
867 567 1000 635 resegmi-

128 652 213 708 nibus
226 651 421 721 compositum,
439 652 488 721 qui
499 668 601 708 novem
612 650 746 706 miracula
763 649 877 706 esiieere
892 657 1000 720 posset.

129 737 174 792 De
192 743 295 806 petaso
313 742 541 792 verunurrstur:

268 820 355 878 Nioht
370 820 426 876 wie
444 821 547 876 endere
566 819 747 876 Sonuenlriite

268 906 337 962 Wer
354 921 385 960 er
402 920 453 960 sus
469 904 601 974 gefiluter
620 904 722 974 Wolle,

269 990 344 1046 Odor
361 989 492 1046 auderem
510 989 713 1058 Heurgewebe,

269 1073 396 1130 Soudern
415 1090 465 1128 eus
483 1073 538 1128 deu
556 1073 671 1128 kleinen
690 1071 853 1128 Sohnitzeln

270 1159 334 1216 Vou
351 1157 568 1214 besohnittenen
586 1157 794 1227 Fingernt'gelu

269 1242 420 1300 Kiinstlieh
438 1238 613 1312 eugeiert'igt
629 1242 752 1298 worden.

184 1331 272 1396 Quem
284 1329 320 1384 sd
332 1328 423 1384 looum
441 1327 521 1384 addit
532 1324 851 1396 Kreuuthalinterpres:
872 1327 1002 1395 „liuline-

132 1415 267 1470 leststust
284 1413 383 1480 kiibsr,
401 1412 447 1468 eiu
465 1412 524 1466 Hut
541 1429 592 1468 eus
613 1411 830 1480 Fingeruiigeln.
866 1413 1002 1468 Letutere

131 1499 187 1555 soll
204 1499 256 1554 der
273 1497 375 1552 Teuiel
392 1496 534 1564 ssmmeIn,
558 1496 600 1552 sie
619 1495 647 1550 iu
665 1493 726 1550 Filz
745 1497 933 1565 verwandeln,
955 1515 1001 1552 um

131 1583 233 1638 dorsus
254 1583 310 1638 (len
334 1579 540 1638 Wiinsolrelhut
564 1597 598 1636 zu
623 1580 739 1636 formes.
782 1580 897 1636 Monehe
922 1582 1001 1637 aber-

131 1665 296 1737 glliubisehe
320 1666 410 1722 Esten
433 1664 537 1722 suehen
560 1665 758 1734 gegenwiirtig
781 1665 852 1720 noeh
870 1665 931 1720 ihre
953 1667 1000 1722 sb-

131 1751 348 1822 gesohuitteuen
372 1749 464 1819 Nitgel
488 1748 641 1819 sorgse‘ltig
664 1766 699 1803 zu
723 1749 888 1818 verborgen,
912 1750 1001 1805 demit

131 1837 183 1892 der
209 1838 279 1892 bose
306 1835 396 1890 Feiud
423 1835 465 1890 sie
498 1834 576 1890 nieht
603 1833 725 1891 eutlinde
759 1835 815 1890 und
842 1853 876 1890 zu
902 1835 1002 1892 seinen

132 1921 273 1978 Zweolren
290 1919 466 1976 verwende.“
485 1950 518 1958 -

201 2004 289 2060 XLV.
310 2004 395 2074 Apud
409 2003 593 2060 Amerieenos
611 2020 723 2076 quoque
742 2004 838 2074 opinio
857 2011 918 2062 eret
936 2023 1001 2061 eva-

132 2097 201 2159 gete
212 2090 248 2144 de
261 2089 370 2158 magice
381 2089 514 2157 unguium
527 2089 728 2159 eupillorurnvo
743 2089 781 2157 vi,
799 2107 862 2146 nem
874 2105 1002 2159 maguam

132 2173 272 2230 hebetari
290 2189 384 2228 eorum
402 2173 507 2230 uultum
525 2174 640 2230 deorum
663 2174 719 2228 vim
737 2172 806 2228 heee
824 2175 999 2244 superstitio.

133 2258 233 2327 Itaque
248 2263 362 2313 narrent
379 2257 475 2326 (Miill.
493 2258 527 2312 A.
540 2259 574 2314 U.
587 2277 615 2329 p.
633 2259 704 2326 389),
722 2258 884 2314 Meriounos
900 2275 1001 2314 nornen

133 2345 158 2398 si
175 2343 361 2415 imposuerint
377 2343 473 2413 pueris
496 2343 563 2410 suis,
588 2343 664 2412 quod
687 2342 800 2412 quidem
822 2343 910 2398 fiebat
933 2343 1002 2398 duo-

133 2429 243 2484 deoimo
261 2427 365 2483 aetatis
382 2443 463 2496 enno,
482 2427 648 2484 sollenniter
660 2427 718 2483 illis
735 2442 879 2482 resecasse
892 2444 1002 2496 ungues

133 2513 317 2584 capillosque,
330 2528 436 2582 eosque
449 2519 497 2568 eut
509 2528 671 2568 reservasse
684 2517 733 2566 sut
745 2509 805 2566 Soli
818 2511 1001 2580 Manibusque

133 2597 316 2654 sacriticasse.
335 2596 1002 2667 ApudlndienosPeruunioosuuuequoquernos

133 2681 1001 2752 essetroditur‚utpuerisnominesiponant,eirrumdeeidunt.

201 2767 240 2822 Ut
258 2772 351 2822 autem
369 2771 481 2822 ceterae
500 2766 620 2835 fabulae,
638 2766 680 2820 ite
697 2765 766 2821 haee
777 2782 889 2836 quoque
905 2782 1001 2836 super-

133 2852 215 2907 stitio
251 2851 326 2920 apud
355 2851 517 2906 Australios
554 2857 611 2906 tam
640 2850 785 2906 obscurum
816 2850 911 2906 'induit
946 2850 1001 2906 for·

132 2952 214 3003 mem,
232 2940 264 2989 ut
281 2935 443 2990 coniectura
460 2935 550 3010 magis
568 2951 649 3004 quem
668 2940 745 2990 certe
760 2935 880 2990 inveniri
891 2935 1003 3005 possint

133 3020 260 3089 vestigia
276 3020 363 3074 uriree
381 3019 458 3076 illius
476 3019 689 3090 superstitionis
711 3020 739 3074 in
763 3020 807 3088 iis,
830 3036 902 3089 quae
921 3021 1002 3076 nobis

132 3105 250 3160 trudunt
283 3103 395 3160 illorum
430 3105 570 3160 hominum
606 3103 728 3160 fabulae.
781 3105 882 3160 Narrat
916 3104 1004 3173 igitur

133 3189 293 3258 ‹Sohirrem
323 3190 535 3257 Wundersugen
565 3189 617 3244 der
646 3189 857 3246 Neuseeliinder
883 3207 912 3259 p.
945 3189 1002 3257 29.)
