2278 3760
471 269 705 346 ..69-¹

117 435 190 490 quae
208 420 300 490 prIma
317 421 446 492 eoeperit
462 421 575 478 trahere
587 428 745 494 eorreptam
761 424 889 480 subneeti
908 425 991 494 eollo,

117 505 158 564 ita
175 505 282 561 disereti
298 506 451 562 morbum.“
469 535 503 546 -
521 506 640 562 Omissis
658 506 704 562 hin
721 508 818 564 multis
835 509 893 565 illis
911 509 990 578 loeis,

117 591 220 660 quibus
239 590 348 646 Plinius
372 589 462 646 fusins
485 591 609 660 loquitur
635 592 671 648 de
693 593 826 662 unguium
851 599 881 650 et
901 595 990 664 eapil·
1020 627 1036 660 ,

116 673 205 730 lorum
223 675 365 741 remediis,
383 675 510 730 Petronii
528 676 634 732 dlotem
651 675 698 732 hit
715 677 830 732 afferam
842 671 990 734 admodum

115 759 307 828 memorabile,
333 759 382 830 qui
404 761 440 825 (e.
465 759 523 828 104,
546 762 583 828 6.)
611 760 731 829 ,Audiu‚
758 762 807 831 ait,
834 763 908 817 enim
933 779 990 819 non

114 845 201 900 lieere
221 845 351 913 uniquam
368 834 527 900 mortalium
543 845 574 898 iu
585 861 658 902 nave
670 861 763 916 neque
779 863 888 917 ungues
898 863 989 918 neque

114 929 236 1000 eapilloa
245 929 398 1000 deponere,
410 929 465 984 uisi
475 944 559 998 quum
568 930 673 1000 pelago
685 937 787 988 ventus
796 931 989 1002 tramitm.“*)

114 1013 254 1070 Similiter
272 1014 360 1070 verba
371 1013 421 1068 illa
438 1014 467 1068 in
480 1013 604 1070 Senecae
617 1016 718 1071 Medea
735 1017 774 1081 (v.
788 1017 859 1086 729.)
878 1035 988 1088 ,ungue

114 1101 247 1156 cantato“
275 1098 412 1168 magicam
435 1098 512 1154 illam
535 1100 670 1170 unguium
697 1100 753 1155 vim
775 1102 899 1158 indicare
919 1103 987 1157 mihi

115 1176 251 1240 videntur
277 1189 363 1252 atque
389 1181 436 1237 hie
457 1184 554 1253 potius
575 1200 676 1240 revera
695 1202 805 1256 ungues
828 1187 988 1256 significare

113 1285 198 1340 quam
216 1267 334 1337 digitos.
371 1268 461 1334 Quum
478 1283 548 1324 vero
571 1284 606 1323 ex
631 1269 710 1340 loeis,
728 1287 800 1341 qnos
823 1270 870 1326 hie
895 1273 988 1338 attuli,

112 1353 267 1410 manifesto
291 1352 409 1420 elueeat,
436 1353 574 1422 magicum
596 1355 731 1424 unguium
752 1371 832 1412 usum
854 1356 987 1413 RomauIs

112 1455 168 1494 non
193 1435 284 1492 solum
307 1443 405 1492 uotum
426 1435 478 1492 aed
502 1436 587 1492 etiam
610 1439 725 1494 solitum
746 1437 845 1508 fuisse,
871 1439 901 1495 in
919 1442 986 1496 Pro-

111 1522 208 1592 pertio
231 1520 296 1586 (III.
321 1523 346 1588 6,
367 1521 422 1589 27.)
447 1521 549 1591 opiuor
569 1523 665 1592 potins
692 1524 895 1581 restituendam
922 1541 986 1581 esse

113 1606 259 1676 antiquam
277 1605 427 1662 leetIonem
447 1607 619 1676 ,unguibus“
640 1623 693 1677 pro
711 1607 874 1664 eonieetura
890 1625 985 1664 reeen-

113 1692 216 1748 tiornm
235 1690 375 1748 editorum
395 1693 565 1762 ,anguibus“
585 1693 613 1747 in
632 1708 729 1748 versu:

218 1775 301 1830 Illum
320 1776 461 1846 turgentis
478 1793 563 1832 ranae
580 1782 714 1848 portenta
731 1778 848 1834 rubetae
923 1799 925 1804 ·

216 1861 255 1916 Et
273 1861 348 1916 leeta
366 1862 490 1918 exseretis
508 1862 646 1932 auguribus
665 1879 732 1919 ossa
748 1861 863 1920 trahunt

112 1947 210 2016 itaque
229 1945 380 2015 legendum
398 1963 462 2004 esse
481 1964 533 2016 ,ex
552 1949 638 2004 seetia
656 1949 823 2020 unguibus“.

181 2027 290 2086 XLIII.
322 2030 525 2088 convertamus
557 2051 610 2090 nos
636 2050 709 2089 nune
741 2033 777 2088 ad
804 2033 986 2090 Germanieas

111 2120 224 2183 gentes.
260 2115 293 2170 In
312 2115 391 2187 larga
409 2116 687 2174 illorumiabnlamm
705 2117 854 2188 eopiehoe
871 2135 984 2188 quoqne

111 2204 283 2254 momentum
294 2215 444 2269 pergrave,
461 2202 692 2270 superstitionem
702 2201 739 2256 de
757 2202 869 2270 mugiea
885 2208 916 2258 et
928 2203 984 2258 siu·

111 2283 205 2353 gulari
224 2285 340 2340 erinitum
359 2291 389 2341 et
405 2286 540 2355 unguium
552 2291 725 2342 reseetorum
738 2287 767 2341 vi
785 2284 859 2341 haud
872 2287 984 2344 deside·

110 2383 214 2424 ramus.
256 2369 357 2439 Itaque
381 2370 456 2426 Saxo
478 2369 681 2426 Grammaticus
698 2369 821 2426 fabulam
845 2373 984 2441 quandam

111 2453 195 2508 nobis
212 2454 380 2522 reservavit,
398 2471 454 2523 qua
471 2460 606 2522 narratur,
625 2453 810 2522 Thdrlrillum
828 2471 910 2525 quem
922 2455 984 2511 iure

110 2537 270 2607 meritoque
293 2537 430 2594 Thormm
454 2539 537 2594 deum
561 2539 722 2608 signifieare
749 2539 881 2610 permulti
905 2540 983 2596 docti

111 2621 239 2678 hoques
265 2629 375 2693 putant,
402 2623 438 2678 ad
462 2623 669 2694 Utgardlolrum
690 2624 837 2695 gigantem
861 2626 983 2693 venisse,

110 2711 144 2760 ut
161 2707 187 2762 ei
207 2712 266 2763 tres
289 2706 431 2764 evelleret
457 2706 592 2778 pilosfl)
636 2709 714 2774 Quae
740 2708 853 2778 quidem
880 2709 985 2772 relatIo

137 2881 161 2944 *)
179 2883 276 2999 &utras
284 2899 343 2932 vero
353 2885 856 3012 lratimarialtlemgestslslpagemnupseram,
865 2888 983 2986 capillum

192 2947 644 3080 ⁰‘tit,mittendi
653 2956 805 3071 attii,
817 2953 982 3072 ilzvffl‘·

249 3087 356 3135 Garrula
373 3102 460 3136 secura
478 3101 577 3135 narrare
594 3090 704 3148 pericula
721 3097 817 3138 naulae.

122 3151 161 3216 ”)
181 3156 267 3202 rutrum
285 3155 361 3204 habet
378 3157 563 3204 similitudinem
580 3157 652 3204 haina
663 3157 764 3206 labalas
783 3160 813 3206 ds
825 3159 981 3219 Utgardloko

179 3224 338 3286 eompositae,
357 3223 384 3272 id
402 3225 469 3287 quod
487 3225 518 3272 de
535 3225 614 3272 trium
632 3225 689 3288 pilis
707 3227 787 3275 aureis
805 3227 872 3277 Ded·
873 3227 981 3276 Vssvedi
