2278 3760
474 295 644 357 ...47-

121 457 157 514 ab
174 455 272 524 exitio,
290 455 366 526 quod
378 453 453 510 baud
464 454 553 510 multo
564 459 630 524 post
643 459 733 510 ortum
746 459 799 522 est,
811 453 991 511 liberabatur.

121 543 221 612 Neque
247 541 338 596 minus
362 545 408 595 est
430 539 621 595 admirandum
644 544 761 609 propter
780 539 992 594 similitudinem

119 632 206 696 atque
225 624 437 694 congruentiam
461 639 523 679 eum
541 625 711 680 Graecorum
735 623 839 692 fabula,
862 624 893 678 id
917 624 992 693 quod

120 709 276 767 haedere
311 716 424 764 narrant
441 708 604 778 Tamanaki,
623 709 804 766 Oaraiborum
822 725 901 779 gens,
920 725 992 780 quae

120 795 157 850 sd
166 795 323 850 Orenocum
334 794 490 851 habitabat.
510 795 564 860 Qui
574 795 688 864 quidem
696 795 831 862 reserum,
842 795 992 865 aliquando

120 881 213 936 virum
230 897 287 936 una
304 896 366 936 cum
383 897 472 936 uxore
490 896 548 950 sua,
567 897 651 950 quum
669 897 797 950 magnum
811 886 902 937 ortum
916 886 993 937 esset

120 966 267 1034 diluvium,
286 981 420 1022 summum
438 965 467 1020 iu
485 965 670 1021 Tamanaoum
687 973 810 1022 montem
822 967 993 1037 confugisse,

121 1051 225 1106 deinde
243 1051 353 1122 palmae
372 1051 557 1106 Mauritaniae
574 1056 642 1120 post
660 1056 742 1120 terga
759 1051 861 1107 iecisse
876 1051 993 1114 tructus.

120 1151 239 1206 qnorum
258 1151 293 1190 ex
312 1135 407 1205 granis
425 1141 528 1205 postea
545 1140 575 1190 et
592 1135 647 1191 viri
660 1135 841 1209 et‘mulierea
861 1136 909 1206 qui
921 1152 994 1191 nunc

122 1221 310 1290 inveniantur,
329 1221 384 1276 orti
404 1220 470 1275 sint.
515 1219 653 1276 Brasiiiae
672 1221 823 1291 indigenae
839 1221 994 1291 permultas

121 1306 228 1362 babent
245 1307 273 1360 in
291 1305 460 1361 carminibus
473 1305 531 1360 suis
544 1305 580 1360 de
592 1304 702 1360 diluvio
714 1304 890 1360 narrationes
903 1305 992 1371 (Muli.

120 1407 149 1462 p.
167 1392 239 1459 267).
277 1391 385 1456 Quibus
404 1407 439 1446 ex
457 1390 665 1445 narrationibus
682 1405 738 1444 una
750 1389 871 1444 omnium
884 1389 994 1460 reliqua

122 1481 184 1530 erat
198 1475 301 1530 domus
313 1491 402 1546 eaque
421 1473 559 1545 sapientis
580 1474 657 1530 illius
680 1475 757 1531 senis
775 1474 991 1530 Tamanduares.

122 1560 176 1614 Hic
191 1576 259 1616 vero
271 1577 288 1615 a
300 1577 406 1616 summo
419 1561 474 1616 deo
487 1566 548 1616 erat
560 1561 698 1616 invitatus
709 1566 750 1629 ut,
766 1561 851 1630 idque
865 1561 914 1615 alii
931 1577 992 1615 nar-

123 1649 195 1712 rant,
213 1643 381 1714 confugeret
398 1645 426 1698 in
444 1643 572 1714 palmam,
591 1643 640 1700 alii
653 1645 896 1714 concremarunt,
914 1645 993 1700 utin

123 1729 208 1784 lintre
226 1745 328 1799 magua
337 1729 381 1784 ab
394 1729 577 1785 inundatione
590 1736 680 1786 tntum
691 1747 722 1786 ae
734 1736 901 1801 praestaret.
932 1730 994 1785 Una

124 1829 187 1869 cum
205 1813 399 1870 Tamanduarc
417 1814 584 1869 servabatur
602 1829 713 1884 quoque
732 1832 812 1870 soror
829 1817 898 1885 eius,
921 1831 993 1885 quae

122 1905 153 1954 et
171 1901 273 1954 coniux
292 1904 353 1954 erat
370 1898 459 1967 senis3
479 1913 514 1953 ex
534 1904 654 1968 utroque
672 1916 741 1956 vero
754 1906 845 1955 ortum
858 1918 921 1957 esse
932 1901 993 1956 uni·

121 1999 235 2042 versum
252 1983 393 2038 bominum
411 1998 501 2052 genus
519 1990 655 2038 narratur.
692 1985 812 2041 Peruani
830 1986 936 2043 habent
953 1987 994 2042 ia·
1039 2013 1060 2054 ,’

121 2070 215 2126 balam
225 2069 402 2124 amatoribus
415 2067 474 2122 suis
483 2067 537 2124 sibi
548 2069 688 2138 traditam,
699 2071 787 2136 (Mtiil.
797 2071 832 2125 A.
843 2072 877 2128 U.
886 2090 913 2142 p.
921 2071 994 2140 312.)
1059 2057 1063 2064 ’

122 2171 195 2225 quae
203 2155 299 2222 refert,
309 2153 535 2222 bomines‚quum
543 2153 957 2224 inundareturorbisterranrm
965 2155 994 2210 in

77 2277 83 2288 ·
122 2247 204 2297 antra
221 2247 306 2311 atque
325 2239 474 2310 speluncas
486 2255 517 2295 se
530 2237 674 2293 abdidisse
687 2252 791 2308 easque
809 2239 994 2308 obstruxisse,

121 2343 158 2384 ne
176 2343 265 2398 aquae
284 2329 441 2397 irruerent3
470 2325 548 2382 canis
566 2339 635 2380 vero
652 2323 754 2393 pedem
772 2323 839 2380 iimo
858 2331 888 2379 et
905 2340 994 2380 coeno

121 2413 313 2482 inquinatum,
355 2412 391 2467 iis
428 2410 528 2466 diluvii
564 2410 647 2465 finem
681 2410 835 2466 nuntiasse.
890 2409 995 2465 Contra

123 2499 257 2568 Moyseae
281 2496 417 2565 (Malim.
440 2495 502 2564 423)
527 2495 737 2550 inundationem
764 2493 806 2548 ita
830 2500 993 2550 memorant.

122 2581 281 2638 Primordia
292 2597 391 2649 rerum,
416 2597 499 2650 quum
520 2580 642 2636 nondum
654 2580 720 2635 iuna
733 2580 825 2636 lumen
837 2581 997 2654 praeberet,

123 2665 361 2721 Caudinamarcae
373 2664 520 2736 planitiem
533 2671 618 2736 atque
629 2665 836 2735 Tequendanae
849 2665 995 2732 angustias

123 2752 234 2808 clausas
252 2750 350 2806 fuisse.
378 2751 513 2806 Homines
531 2753 598 2804 tunc
615 2747 699 2817 plane
718 2749 810 2817 mdes,
826 2749 904 2804 nulla
914 2765 995 2819 prae-

124 2837 178 2891 diti
197 2841 266 2904 arte,
285 2836 346 2892 sine
364 2836 488 2891 moribus
507 2839 596 2892 eraut.
630 2833 700 2887 Tum
719 2849 788 2888 vero
806 2850 893 2890 senex
911 2850 995 2892 vene·

124 2921 222 2977 rabilis
249 2920 373 2988 advenit,
400 2919 445 2974 eui
471 2919 527 2974 tria
553 2925 633 2974 erant
659 2919 785 2988 nomina,
813 2920 996 2989 Botachikae,

124 3003 364 3075 Namquethebae‚
391 3003 491 3072 Zuhes,
518 3003 566 3073 qui
589 3004 711 3060 incultos
738 3009 823 3075 atque
851 3006 996 3076 impolitos

124 3091 190 3146 iilos
208 3090 334 3146 homines
353 3094 383 3144 et
395 3089 593 3158 agriculturam
612 3096 642 3146 et
656 3091 772 3146 deorum
785 3093 995 3148 venerationem

123 3175 253 3230 docebat.
291 3174 348 3229 Sed
366 3190 437 3228 uxor
455 3173 537 3230 huius
555 3177 639 3245 senis,
658 3192 730 3246 quae
749 3175 857 3246 etipsa
874 3177 930 3232 tria
947 3175 995 3231 ha·

120 3261 210 3317 -bebat
238 3262 351 3316 nomina
379 3260 553 3332 Huythacae,
589 3262 689 3334 Chiae,
717 3260 993 3332 Yubeocayguagae,
