2278 3760
475 255 644 308 ...41-

123 412 240 486 λὶσίριος
251 410 300 466 τὸν
312 413 407 464 παῖδα.
436 407 595 466 ’.Απόλλωνα
608 412 640 466 δὲ
653 413 701 464 κτιλ
708 411 847 485 Ἄρτεμιν,
858 407 994 465 Διονύσου

125 499 175 551 καὶ
197 495 277 557 Ἴσιος
302 501 414 566 λέγουσι
436 497 511 552 alm
534 498 646 557 πιτῒδιις.
698 503 807 562 Λητοῦν
832 498 863 551 ds
889 494 996 568 τροηόν

125 581 236 636 adraim
248 581 448 657 κτιλισολτειρτιν
457 589 603 652 γενέσθαι.
638 583 801 651 Αἰγυπτιστὶ
815 583 846 636 δὲ
858 579 997 635 Ἀπόλλων

124 664 287 738 plumos.
322 665 452 744 Δημήτηρ
473 671 504 724 ds*
517 667 594 728 Ἶσις.
625 668 753 742 Ἄρτεμις
773 669 814 735 δὲ,
833 664 996 734 Βούβαστις.

124 755 169 809 De
189 753 371 810 sollemnibus
393 771 461 810 veno
480 755 515 810 ab
535 755 690 825 Aegyptiis
708 753 826 809 Bubasti
845 751 996 820 celebratis

125 839 181 892 iam
200 842 285 892 antea
302 840 336 904 (ο.
355 841 409 906 60.)
428 839 591 894 Herodotus
613 837 687 894 huno
707 838 736 891 in
760 837 870 892 modum
893 835 995 890 referta

126 926 155 983 ἐς
171 929 226 992 μέν
245 943 297 978 νυν
314 921 472 992 Βούβαστιν
490 922 574 978 πόλιν
592 921 679 978 ἐπεάν
697 926 868 990 κομίζωνται
886 927 997 976 ποιεῦσι

126 1007 231 1062 τοιάδε.
250 1010 392 1062 allevetis
405 1005 461 1083 γὰρ
473 1005 505 1074 δὴ
520 1007 578 1076 ἅμα
593 1007 697 1078 ἄνδρες
707 1010 818 1077 γυναιξὶ
833 1008 880 1061 aei
893 1004 997 1060 πολλόν

126 1113 152 1146 τι
171 1095 279 1158 πλῆθος
296 1094 439 1167 ἑκατέρων
457 1094 488 1147 ἓν
512 1091 615 1166 ἑκάστη
634 1090 713 1166 βάρι.
732 1095 763 1145 ul
778 1098 834 1160 μίν
851 1109 923 1150 τινες
941 1092 997 1144 τῶν

126 1182 275 1246 γυναικοῖν
288 1173 411 1252 κρόταλα
428 1179 546 1248 ἔχουσαι
559 1179 761 1251 κροταλίζουσι.
779 1179 807 1229 οἱ
822 1177 853 1230 δὲ
866 1174 997 1228 aulaeum

128 1260 199 1315 κατὰ
217 1258 308 1315 πάντα
320 1259 369 1315 τὸν
380 1259 476 1315 πλόον.
493 1265 524 1314 αἱ
536 1263 568 1316 δὲ
581 1264 675 1315 λοιποὶ
687 1265 821 1330 γυναῖκες
834 1263 882 1314 καὶ
895 1259 996 1334 ἄνδρες

127 1347 255 1402 ἀείδουσι
273 1347 320 1399 καὶ
337 1343 385 1405 τὰς
401 1347 504 1421 χεῖρας
522 1352 668 1419 κροτέουσι
685 1351 739 1400 etc.
785 1345 862 1410 Quae
887 1344 922 1399 ab
940 1345 995 1398 He·

126 1432 230 1486 rodoto
254 1430 336 1485 nobis
360 1429 450 1486 relata
472 1429 626 1500 diligenter
648 1431 672 1486 si
697 1432 887 1499 observemus,
914 1429 999 1484 hasce

127 1533 163 1572 ex
181 1515 241 1572 illis
260 1513 321 1570 lieri
339 1529 425 1585 posse
442 1521 513 1586 puto
532 1517 717 1572 coniecturas.
754 1517 836 1572 Haud
860 1516 932 1572 enim
957 1516 998 1584 ig·

126 1618 267 1670 notamus,
285 1601 350 1656 ideo
369 1601 492 1656 Graecos
511 1603 593 1657 deum
610 1602 689 1657 illum
707 1602 915 1672 Aegyptiorum
934 1617 998 1670 eog-

128 1686 240 1742 nomine
272 1684 419 1756 Typhonis
449 1685 624 1756 appellasse,
660 1687 727 1756 quia
756 1703 818 1742 eum
848 1686 999 1741 exitiosum

129 1771 271 1842 quoddam
288 1785 389 1825 numen
407 1768 551 1838 haberent,
575 1771 622 1840 qui
642 1771 756 1828 afferret
773 1777 890 1826 naturae
914 1777 999 1841 atque

129 1855 246 1914 vivendi
270 1855 492 1925 procreandique
519 1857 664 1913 facultatis
686 1857 848 1927 perniciem,
873 1874 933 1912 eum
958 1857 999 1926 ip-

129 1955 223 1998 sorum
236 1938 383 2009 Typhone,
395 1939 444 2010 qui
456 1940 596 2010 proeellas
609 1947 639 1996 et
651 1947 836 2012 tempestates
849 1943 999 2012 signifieat,

129 2029 333 2082 commutantes
346 2025 555 2094 Aegyptiorum
568 2027 658 2082 deum.
695 2029 764 2082 Erat
776 2033 869 2084 autem
879 2027 1000 2098 Typhon

131 2110 198 2166 Sirii
217 2109 297 2176 deus,
315 2108 363 2178 qui
377 2108 434 2162 Nili
447 2110 645 2166 inundationes
658 2111 795 2182 Aegypto
808 2112 899 2180 affert,
918 2127 1000 2181 quem

130 2194 271 2251 Osiridem
288 2191 403 2249 fratrem
421 2210 473 2264 per
490 2193 603 2250 fraudes
623 2194 746 2251 nefarias
764 2197 903 2252 ooeidisse
922 2212 999 2250 aece-

130 2281 225 2351 pimus
252 2278 336 2344 (Plut.
361 2279 396 2334 de
418 2279 487 2334 Isid.
512 2285 541 2335 et
560 2279 631 2335 Osir.
657 2296 680 2334 e.
701 2282 733 2336 15
756 2277 854 2348 ula).
899 2281 999 2350 ltaque

131 2365 271 2421 Osiridem
289 2363 455 2435 aTyphone
473 2364 651 2421 interfectum
669 2364 739 2419 nihil
752 2365 829 2420 aliud
841 2366 1000 2435 significare

130 2449 278 2517 eredimus,
297 2465 378 2520 quam
397 2449 541 2519 diluvium,
560 2467 616 2520 quo
632 2450 802 2506 submersum
815 2450 933 2521 perierit
950 2449 999 2504 hu-

130 2551 240 2590 manum
259 2550 357 2604 genus.
393 2535 499 2590 Horum
523 2541 624 2604 autem,
651 2535 772 2591 Osiridis
795 2535 891 2603 lilium,
918 2551 999 2606 quem

117 2609 297 2690 ”perseeutus
321 2635 385 2675 esse
410 2620 514 2674 dieitur
532 2619 661 2690 Typhon,
685 2637 702 2674 a
725 2621 835 2676 Latona
858 2627 999 2677 servatum

131 2721 195 2761 esse
214 2705 332 2759 tradidit
350 2705 520 2772 Herodotus,
545 2705 573 2758 in
598 2704 689 2760 insula
713 2705 763 2759 illa
780 2712 905 2776 natante,
928 2723 1000 2777 quae

131 2787 272 2843 Chemmis
290 2788 378 2844 fuerit
395 2789 545 2858 nominata,
570 2805 641 2858 quae
660 2790 772 2861 quidem
791 2799 891 2849 natans
909 2792 1001 2848 insula

130 2889 222 2928 aream
240 2873 400 2943 signilieare
418 2875 539 2942 videtur,
557 2881 713 2931 ceterorum
732 2877 760 2932 iu
778 2878 945 2948 populorum
964 2878 999 2932 de

117 2958 241 3014 diluvio
265 2957 369 3015 sabulis
390 2964 641 3014 commemoratam.
684 2961 827 3032 Apollinis
845 2963 937 3032 (Hori)
955 2980 999 3018 so-

130 3059 222 3098 rorem
240 3043 311 3099 dieit
328 3045 490 3100 Herodotus
508 3044 626 3099 Dianam
645 3045 784 3116 (Bubast.)
802 3049 900 3116 fuisse,
921 3047 999 3102 euius

131 3129 167 3184 ad
185 3129 248 3184 dies
265 3128 356 3185 festos
374 3127 557 3186 celebrandos
575 3131 739 3202 Aegyptios
756 3133 875 3190 navibus
894 3145 1000 3189 summo

130 3214 236 3299 gaudio
254 3213 400 3274 Bubastim
423 3214 567 3296 profestos
592 3231 665 3279 esse.
701 3217 808 3284 Quibus
826 3219 855 3278 in
872 3216 1000 3286 navibus,
