2278 3760
475 233 645 298 »15⁶

116 387 230 454 tionem
247 403 317 454 vero
333 395 508 454 Hamitorum
533 395 756 468 Semitarumque
773 411 836 453 enm
859 385 993 467 ludogui-

117 483 213 538 manis
239 487 290 537 unt
314 499 371 538 uon
400 499 538 554 quaerens
566 488 616 538 aut
641 496 758 554 negans.
794 483 938 551 Attamen,
964 481 994 536 ni

118 567 216 636 fallor,
233 565 319 622 faoile
337 573 400 623 erat
411 561 619 638 comparativae
636 567 830 640 mythologise
843 568 994 624 ostendere

119 668 159 706 ex
180 652 266 708 nortis
293 657 378 722 atque
402 653 477 723 apud
500 667 596 709 omnes
618 659 720 723 gentes
744 654 867 710 inventis
890 652 994 725 iabulis

119 737 199 792 inter
215 751 247 793 se
259 737 457 794 consentaneis
469 753 641 796 eommunem
652 738 765 795 humani
782 739 896 809 generis
908 737 994 806 origi·

118 839 195 878 nem.
219 823 326 889 Quodsi
339 839 408 880 vero
420 823 456 879 de
468 839 511 892 eo,
524 824 600 894 quod
611 825 695 880 modo
707 825 767 880 dixi
779 824 860 894 quasi
872 823 995 878 diversis

119 922 159 962 ex
171 906 284 976 fabulis,
296 907 416 977 singulis
425 908 454 962 in
466 914 602 964 terrarum
611 908 682 964 loeis
691 909 823 977 inventis,
833 908 995 964 uuiversum

118 990 265 1046 hominum
282 1007 372 1062 genus
389 1009 445 1048 uua
462 1009 498 1048 ex
516 993 626 1062 origiue
645 1009 790 1050 emanasse
808 991 994 1050 demonstrari

118 1077 225 1146 possit,
243 1076 318 1132 Guil.
337 1078 373 1134 ab
385 1077 540 1134 Humboldt
555 1079 667 1146 (Humb.
686 1079 783 1136 Kosm.
796 1078 820 1134 1.
838 1095 867 1149 p.
886 1079 947 1146 381)
961 1107 993 1116 -

120 1164 169 1219 oni
178 1180 291 1235 quoque
301 1165 456 1221 assentitur
465 1164 499 1220 G.
507 1165 600 1222 Waitu
611 1164 761 1236 (Anthrop.
770 1165 793 1219 Ι.
800 1182 828 1235 p.
836 1165 994 1231 see-295.)

119 1250 253 1320 talesque
279 1251 405 1306 declarat
430 1250 541 1307 fabulas
571 1249 655 1307 liotas
684 1251 768 1307 animi
782 1274 787 1286 ·
800 1250 993 1321 perceptione,

120 1351 196 1406 quae
224 1335 321 1405 posita
349 1335 389 1392 sit
413 1336 443 1390 in
469 1335 584 1406 poetico
610 1335 661 1390 illo
684 1337 813 1392 omnibus
834 1334 994 1392 hominibus

120 1421 261 1476 communi
279 1421 403 1490 ingenio,
425 1421 547 1491 ideoque
565 1421 676 1478 fabulas
693 1421 797 1477 nullasu
814 1420 919 1478 habere
936 1421 994 1476 vim

121 1505 160 1560 ad
182 1505 377 1575 quaestionem
404 1511 528 1562 nostram
556 1505 592 1562 de
613 1507 723 1576 origine
745 1505 857 1562 humani
880 1505 994 1576 generis

121 1589 325 1660 illustrandam,
343 1607 425 1646 nemo
443 1597 544 1660 tumen,
562 1592 611 1662 qui
629 1609 735 1663 aequus
748 1597 778 1648 et
789 1592 884 1648 studio
896 1591 994 1660 iraque

121 1690 230 1730 vsouus
256 1680 313 1744 est,
339 1691 444 1745 negare
473 1679 579 1745 potest,
609 1676 766 1746 singulares
794 1693 857 1733 esse
883 1675 994 1734 fabulas

122 1774 228 1829 easque
249 1759 416 1829 prseoipuas
439 1760 614 1816 diversorum
631 1761 806 1832 populorum,
824 1775 896 1831 quae
914 1776 993 1816 eoen-

122 1849 185 1900 rate
203 1844 228 1900 si
246 1851 460 1914 cognoscantur,
478 1845 530 1900 tali
542 1846 616 1902 iuter
632 1863 664 1903 se
682 1847 740 1903 sint
757 1847 995 1916 similitudinem

122 1928 198 1984 aliae
215 1944 252 1984 ex
269 1928 333 1984 aliis
351 1934 436 2000 aptae
454 1935 485 1985 et
501 1929 673 1986 nenessitate
685 1931 804 2000 quadam
821 1947 911 1988 nexae
930 1946 994 1988 esse

122 2013 282 2070 videantur.
318 2014 502 2080 Quamobrem
518 2014 717 2072 fabulammsi
734 2016 817 2072 nobis
833 2023 879 2073 est
895 2016 994 2074 tellum

123 2098 215 2168 eopia,
233 2098 331 2154 mirum
348 2115 405 2154 non
423 2105 476 2170 est,
493 2100 569 2170 quod
585 2115 670 2157 nuum
687 2099 776 2158 fuisse
793 2107 903 2173 patrem
920 2119 994 2158 oom-

123 2200 289 2254 muuemque
313 2185 442 2242 omnibus
469 2186 635 2244 mortalibus
658 2188 778 2257 patriam
801 2189 993 2245 demonstrare
1077 2192 1080 2198 '

123 2283 281 2339 possumus.
327 2269 439 2335 Quanta
464 2285 534 2326 vero
557 2271 652 2327 nautio
680 2277 711 2328 et
737 2272 888 2342 diligentia
916 2272 994 2329 hisne

124 2354 153 2408 in
171 2353 274 2409 sabulis
294 2353 487 2424 comparandis
510 2353 550 2410 sit
573 2353 739 2426 adhibenda,
761 2373 817 2412 nou
841 2357 896 2414 erit
918 2356 994 2427 quod

123 2438 368 2509 plumbarolam,
390 2443 484 2494 tamen
507 2454 590 2494 nemo
612 2455 668 2496 uon
691 2441 844 2511 intelliget,
867 2442 897 2496 in
920 2457 993 2498 oom-

124 2525 256 2595 psrsndis
273 2524 440 2596 populorum
451 2523 556 2582 fabulis
572 2541 628 2580 non
645 2541 756 2596 semper
771 2542 824 2584 nos
836 2527 994 2596 analogiam

125 2609 262 2679 quandam
288 2609 415 2666 striatam
447 2615 532 2679 stqne
559 2615 688 2680 augustam
717 2625 851 2680 quaerere
867 2601 994 2682 debere,

125 2695 192 2766 quin
209 2691 306 2766 potius
323 2711 395 2765 opus
418 2709 491 2763 esse,
515 2694 589 2752 ratio
612 2693 749 2752 habeatur
766 2711 869 2766 earum,
893 2696 994 2766 quibus

126 2781 246 2838 subiecti
278 2780 385 2836 fuerint
417 2780 626 2838 conditionibus
660 2786 745 2851 atque
774 2783 858 2840 rebus
886 2783 994 2854 populi,

126 2881 243 2936 quorum
269 2881 342 2922 nuno
373 2871 528 2922 scrutamur
558 2865 678 2924 fabulas.
726 2868 827 2938 ltaque
855 2885 995 2940 persaepe

126 2949 190 3006 lieri
207 2954 313 3019 potest,
330 2954 362 3004 nt
379 2949 524 3020 primitiva
543 2948 656 3006 iabnlae
674 2950 764 3008 forma
780 2952 809 3008 iu
827 2955 995 3010 contrariam

126 3035 295 3093 reverterit
315 3035 466 3092 nonnullos
488 3035 564 3106 apud
586 3035 716 3106 populos,
743 3035 854 3094 illorum
878 3038 994 3096 vivendi

127 3121 234 3176 ratione
253 3126 337 3188 arque
355 3120 439 3178 rebus
456 3121 548 3191 gestis
566 3127 673 3191 eoaeta,
691 3127 785 3178 tamen
803 3121 902 3178 eadem
918 3139 993 3179 man-

10 3249 13 3270 ,
127 3204 203 3275 serit,
226 3205 360 3261 extremis
383 3206 409 3262 si
431 3212 628 3276 pereuntemur
645 3223 706 3263 eam
727 3206 913 3266 lineamentis.
949 3207 994 3264 Ae
