2278 3760
519 253 688 320 214..

170 407 313 486 Athwyae
325 413 409 487 lilius,
423 416 469 473 eni
481 420 684 490 temperandus
695 425 741 476 eat
753 417 834 478 Trita
846 418 896 478 ille
909 419 938 478 in
950 417 1042 482 Vedio

170 508 410 559 commemoratur.
451 503 532 560 Trita
554 505 670 576 Aptyae
692 504 767 560 filius
789 511 888 562 eontra
910 523 1041 577 anguem,

169 591 202 640 ut
219 585 317 643 Vedae
340 587 462 656 tradunt,
485 587 608 658 dimitat,
631 590 785 661 tricipitem
807 593 966 664 draeonem,
991 596 1041 664 qui

169 677 279 742 reptem
305 672 392 730 habet
418 673 535 744 muln,
563 689 619 743 quo
637 683 758 748 necato,
785 680 874 737 boves
900 681 1039 751 abreptae

168 757 331 816 liberantur.
367 760 431 816 Pari
444 759 527 816 modo
540 757 717 818 Thraitaouo
735 763 863 820 devincit
874 773 1039 836 serpentem

167 844 303 900 tumidum
331 842 550 914 horribilemque
579 845 657 914 visu,
690 845 738 916 qni
767 847 858 906 tribue
887 849 1038 920 praeditus

167 933 213 983 eet
230 926 366 997 fanoib'ue,
383 929 474 986 tribue
486 931 647 999 permagnis
656 931 750 1002 epiris,
768 949 819 990 aex
835 936 932 995 oaudie
950 943 1037 1006 atque

166 1016 275 1086 ingenti
293 1017 403 1074 robore.
429 1017 513 1084 (eous.
532 1015 608 1073 Roth
625 1017 672 1072 (lie
691 1017 767 1088 Saga
790 1037 846 1076 von
864 1021 988 1078 Peridun
1005 1023 1036 1078 iu

166 1103 227 1159 Ind.
252 1120 279 1157 n.
299 1103 363 1158 lran
391 1103 421 1158 Z.
440 1104 467 1159 d.
486 1104 522 1158 D.
542 1103 579 1158 Μ.
604 1103 638 1158 G.
662 1103 700 1157 II.
718 1120 747 1174 p.
771 1105 822 1160 216
846 1109 947 1184 sequ).
988 1107 1034 1162 De

164 1188 285 1244 Dauara
297 1195 429 1260 serpente
441 1191 588 1246 Persarum
601 1189 681 1244 loeus
692 1188 742 1244 ille
754 1189 783 1243 in
795 1189 906 1246 Aveeta
918 1190 1032 1256 (Arest.

165 1276 191 1330 d.
206 1275 273 1332 beil.
288 1275 402 1331 Sebriit.
416 1276 466 1332 der
478 1275 592 1330 Persen.
609 1273 671 1329 Ans
683 1273 748 1328 dem
760 1272 937 1330 Gruudtexte
951 1275 1032 1331 iiber-

164 1367 240 1418 eetzt
258 1375 314 1418 von
331 1363 381 1417 Dr.
400 1362 432 1416 Il.
452 1360 570 1431 Spiegel
587 1360 625 1416 Il.
644 1377 673 1431 p.
684 1360 738 1425 70.)
759 1357 861 1427 dignus
880 1363 932 1427 eat,
952 1359 1033 1416 errius

164 1447 325 1517 opinionem
351 1447 419 1517 quin
445 1447 481 1502 ad
506 1447 624 1503 verbnm
648 1444 695 1500 hie
717 1442 832 1500 afferam
856 1443 951 1500 faeere
975 1463 1031 1502 non

163 1551 292 1604 possum:
312 1533 355 1588 22.
377 1532 502 1602 „Danuui
511 1536 685 1603 entgegnete
697 1531 805 1586 Haoma
816 1530 867 1586 der
884 1531 962 1586 reine
980 1533 1033 1588 der

163 1619 243 1673 ferne
260 1634 326 1675 vom
344 1618 423 1674 Tode
441 1618 489 1674 ist.
532 1617 575 1672 23.
603 1616 728 1688 Athwya
751 1613 800 1672 hat
822 1615 896 1672 mich
919 1617 962 1674 als
979 1618 1032 1674 der

163 1707 265 1762 zweite
278 1705 393 1762 Meneoh
406 1705 565 1762 zubereitet
577 1705 606 1758 in
618 1704 669 1758 der
680 1702 732 1757 mit
742 1702 873 1772 Koerper
887 1703 1031 1774 begabten

163 1790 249 1860 war,
276 1790 355 1846 dieee
382 1790 543 1860 Heiligkeit
571 1789 668 1846 wurde
694 1787 751 1845 ibm
777 1787 860 1844 dafilr
885 1807 921 1845 zu
947 1789 1032 1847 Theil

162 1873 257 1930 dieser
279 1871 404 1930 Wnneeh
428 1871 524 1932 wurde
548 1871 604 1929 ihm
627 1873 765 1944 gewibrt.
806 1874 850 1930 24.
876 1876 952 1933 Daue
972 1876 1031 1934 ihm

162 1959 209 2013 ein
227 1958 304 2014 Sohu
322 1959 447 2029 geboreu
465 1958 561 2015 wurde
579 1959 630 2014 mit
648 1959 786 2031 tapierern
804 1961 906 2018 Olane:
924 1961 1029 2020 Thrae·

162 2046 255 2099 tulino.
304 2043 347 2099 25.
380 2043 504 2100 weleher
526 2043 573 2100 die
602 2044 743 2117 Sehlange
769 2046 890 2104 Dahilra
921 2047 1030 2119 eehlug,

160 2127 269 2185 welebe
293 2128 354 2183 drei
378 2127 504 2198 bathen,
530 2129 591 2186 (irei
613 2131 708 2203 Kople
730 2130 787 2203 bnt,
811 2132 893 2192 eeebe
916 2133 1029 2206 Augen,

160 2213 280 2268 tanaend
297 2212 426 2270 Kriste.“
445 2246 479 2256 -

228 2297 294 2354 VII.
322 2297 380 2354 Sed
397 2299 518 2370 utrique,
542 2306 572 2356 et
588 2299 763 2372 philologiae
786 2306 817 2358 et
833 2297 1028 2372 mythologiae

160 2385 368 2454 temperativae
390 2382 445 2439 boe
464 2391 509 2442 eet
532 2386 632 2442 vitium
643 2387 677 2456 *),
694 2388 771 2458 quod
785 2403 841 2443 uno
865 2386 928 2442 loeo
951 2385 1028 2442 vaeti

159 2469 236 2526 illiue
264 2475 350 2540 atque
381 2469 506 2539 ingentis
535 2487 626 2526 rerum
651 2471 911 2542 investigandarum
937 2469 1027 2526 studii
1129 2479 1130 2488 ¹

158 2554 296 2611 subsistat
312 2571 404 2625 neque
415 2561 526 2625 pergat,
544 2557 595 2612 eod
612 2555 683 2613 aetia
701 2557 756 2614 eibi
772 2556 875 2614 lenisse
887 2553 1027 2624 videatur,

158 2639 183 2694 ai
209 2645 346 2710 cognatos
374 2641 449 2696 inter
477 2655 541 2698 rese
567 2657 631 2698 eree
658 2641 878 2712 Indogerrnanos
903 2640 1027 2712 populos
1129 2677 1130 2680 κ

157 2737 384 2794 eommnuemqne
397 2742 492 2783 eorum
509 2726 646 2797 originem
658 2727 903 2796 demonstraverit,
923 2741 1026 2795 coguu-

182 2895 210 2965 *)
227 2899 359 2962 Perpanele
370 2906 443 2953 modo
453 2905 585 2966 philologia
597 2911 622 2953 et
633 2904 800 2968 mythologiue
812 2905 896 2966 peritia
906 2902 1027 2967 exeeptis,

224 2970 267 3030 qui
283 2979 403 3031 cognatae
420 2974 483 3022 iuter
501 2987 555 3022 eoae
572 2975 670 3034 linguae
688 2979 714 3021 et
730 2975 862 3036 rellgn'onnr
879 2973 1025 3034 populorum
1129 3023 1130 3042 χ

224 3039 331 3088 omniurn
341 3055 395 3088 oeae
402 3042 558 3102 arbitrentur,
569 3042 612 3090 cir.
620 3041 646 3090 F.
654 3041 778 3090 Oreuzer’e
788 3040 916 3102 Symbolilr
925 3045 950 3087 et
961 3039 1025 3086 Max

224 3103 323 3171 muller,
341 3107 423 3160 Letter
435 3125 466 3158 on
477 3111 519 3158 the
532 3109 701 3158 oleaaliieution
714 3110 742 3158 oi
752 3109 875 3156 Turenum
887 3109 1024 3166 languagea

223 3173 249 3222 ln
270 3175 389 3226 Bnneenil
412 3177 524 3226 Outlinee
547 3178 573 3226 ol
599 3178 640 3226 tbe
664 3178 821 3237 Philosopble
848 3176 875 3224 ol
899 3175 1025 3224 universal

8 3239 10 3253 '
44 3252 50 3253 ⁷
112 3272 151 3285 u
164 3264 179 3285 a
218 3239 1024 3308 flietorymplieutolrngnageandreliglonaroll.borbista.
