2252 3774
507 238 674 294 -.pp,.

156 390 218 463 pria
239 408 301 448 nam
321 409 356 448 eo
380 399 410 448 ot
432 401 508 450 stare
533 403 562 449 et
587 409 751 464 pennunore
769 397 888 463 possunt
908 390 1040 460 fabulae,

158 477 234 547 (puori
252 493 313 534 euru
331 477 446 534 irrnnaru
469 485 527 534 tutu
548 478 671 532 eoiorem
693 477 865 547 primitivum
890 491 1038 546 urruquaur

156 561 288 616 amittunt
317 561 362 616 voi
392 562 545 631 deponunt,
572 561 623 616 seri
652 577 762 631 semper·
789 561 926 630 originem
952 579 1040 616 suam

156 653 280 711 servant,
298 661 333 700 ex
351 661 407 714 qua
425 647 482 702 siut
500 653 579 702 rutae
598 652 682 715 atquo
701 646 825 714 genitae.

225 731 261 786 X.
295 731 401 797 Quodsi
426 731 514 800 igitur
536 729 645 786 fabulas
670 732 744 786 iuter·
767 749 797 786 se
824 737 1039 788 oouseutaueae

155 815 286 870 diversos
298 815 372 885 apurl
381 814 503 885 populos
514 815 680 882 invenimus,
692 833 741 872 eus
755 833 810 872 uon
822 819 955 884 acceptas
966 831 1037 870 eaeo

156 901 347 970 aperegriuis
365 900 478 971 popuiis
496 901 649 970 potamium
668 907 720 967 est,
739 901 789 956 seri
808 901 843 954 air
862 899 933 968 ipsis
952 899 1038 956 visas

156 1002 188 1042 ue
215 1003 314 1042 seusus
337 986 420 1042 initio
443 1002 548 1050 rerum,
583 1000 666 1054 quum
689 1001 785 1040 omnes
812 983 902 1040 adimo
930 985 1036 1055 populi

156 1071 256 1141 patriis
275 1071 303 1126 in
327 1073 450 1137 aedibus,
474 1071 503 1126 iri
528 1077 572 1126 est
595 1069 733 1126 eorumuni
758 1069 784 1124 iu
810 1069 910 1139 patria,
934 1087 1035 1126 aeorum

156 1157 251 1212 innota
269 1163 373 1224 esseut,
391 1169 516 1225 quasque
535 1155 645 1212 iabuias
664 1155 792 1210 nationes
805 1161 835 1210 et
847 1155 945 1225 popuii
960 1163 1035 1212 tam-

156 1253 238 1308 quam
265 1240 463 1310 patrimonium
482 1247 511 1294 et
535 1240 731 1310 sempiternam
755 1239 935 1310 pristirmrum
960 1247 1035 1296 taur-

155 1339 253 1394 porum
278 1325 437 1380 memoriam
466 1341 559 1382 seeum
587 1325 783 1382 transtulerint
808 1325 835 1380 in
861 1325 1037 1396 longinquas

156 1409 220 1466 iiiaa
233 1410 417 1478 migrationes
429 1427 446 1464 a
458 1410 555 1466 riiriua
567 1411 746 1480 prouidentia
760 1411 813 1466 sibi
827 1411 1033 1482 praescriptus.

157 1494 268 1550 Minime
286 1511 353 1550 uero
372 1493 482 1550 fabulas
501 1495 615 1552 usoisoit
634 1495 755 1565 populus
773 1503 858 1565 atque
882 1498 1031 1564 cogitandi

157 1579 301 1646 rationem,
326 1593 398 1646 «puae
418 1578 561 1648 pertinent
579 1580 614 1634 ml
634 1579 787 1646 religiones
809 1595 874 1636 suas
893 1587 923 1636 et
941 1597 1033 1650 sarra,

155 1663 222 1732 uuio
242 1663 326 1720 etism
347 1663 381 1718 iis
399 1664 556 1720 oorrtrariuo
575 1665 640 1731 sint,
660 1665 738 1720 euius
757 1665 797 1720 rei
812 1673 901 1722 testes
914 1666 1030 1734 quidem

157 1755 223 1802 suut
246 1753 347 1814 gentes
371 1747 561 1814 tiennuuieae,
585 1761 655 1816 rpuas
679 1748 750 1804 satis
773 1765 895 1816 ormense,
920 1767 954 1804 no
975 1751 1032 1806 Ro·
1105 1803 1106 1808 ,

156 1847 295 1886 manorum
317 1830 361 1886 rei
385 1831 464 1898 iuges
488 1831 539 1886 rei·
557 1830 668 1886 falruiar
692 1831 727 1886 rui
753 1851 783 1888 se
809 1833 1031 1900 traducerentur,
1105 1831 1106 1836 '

157 1923 251 1970 rrotrrm
271 1917 352 1970 uobis
371 1923 561 1984 testatuuupre
586 1923 638 1970 est.
677 1917 773 1986 Neque
802 1919 829 1974 iri
853 1919 966 1987 orririorn
988 1937 1029 1975 ro·

158 2009 263 2070 pumen
283 2000 441 2055 sernentiae
461 2015 478 2054 a
495 2000 576 2056 uotis
595 2001 767 2070 proponitur,
786 2003 860 2070 qum
880 2004 954 2072 apuu
976 2004 1030 2060 lto-

157 2101 253 2140 nrunos
294 2091 420 2138 muretum
456 2084 625 2138 tiraeeonuu
662 2083 864 2156 urythoiogium
902 2089 1030 2154 iimitem

157 2170 267 2236 asinum,
285 2183 369 2238 quum
389 2169 441 2224 iam
460 2169 530 2224 satis
549 2176 645 2224 uotum
663 2169 709 2236 ait,
728 2177 874 2242 utrururpu·
894 2175 1029 2244 poprrium

159 2253 240 2308 initio
258 2269 348 2308 nomm
367 2252 543 2308 euuiunetuur
562 2253 651 2308 fuisse
666 2253 760 2323 itruruo
775 2256 914 2314 itomuuos
927 2267 1031 2329 postea

157 2340 184 2396 iri
204 2339 286 2394 rurnio
305 2338 446 2407 recepisse
457 2355 477 2392 a
487 2339 611 2406 tirueeis,
630 2339 704 2408 qum
718 2341 841 2410 antiquis
855 2345 1031 2414 temporibus

158 2424 211 2494 ipsi
232 2422 378 2478 imbuerint
397 2422 446 2476 aeri
466 2423 584 2478 rior-ruso
604 2431 758 2493 temporum
778 2427 932 2484 amiserint.
978 2431 1029 2484 Sin

157 2508 244 2572 initur
274 2505 444 2562 rorentioros
472 2505 638 2574 seripturus,
675 2515 704 2562 ut
738 2509 773 2564 u.
813 2509 942 2576 ituuker,
975 2512 1028 2568 ῚΊι.

158 2593 318 2654 Mommsen,
337 2598 366 2644 ut
386 2597 498 2658 praetor
511 2597 622 2644 eeteros
634 2591 734 2646 rinctus
748 2592 796 2648 iiio
811 2594 853 2649 uir
868 2594 897 2648 F.
909 2595 1028 2664 sparget

157 2675 288 2731 (Zoitseir.
309 2675 335 2728 ri.
358 2674 390 2728 it.
412 2674 446 2728 u.
467 2675 499 2727 o.
524 2674 555 2728 V.
575 2677 633 2730 mli.
658 2675 704 2730 Vi.
726 2680 779 2744 is.)
816 2680 966 2736 tirunitieas
986 2699 1026 2737 ro·

158 2761 280 2826 titiones
307 2759 379 2812 iuter
403 2757 518 2825 antiqua
537 2759 682 2814 Persarum
707 2777 786 2816 saera
810 2763 911 2820 mixtus
939 2763 1027 2820 irrisae

156 2847 339 2908 rieumnatrat,
364 2841 390 2896 iri
410 2857 480 2910 oprm
500 2853 543 2898 ost
563 2844 726 2912 iutueamur,
752 2845 821 2902 uiirii
840 2849 916 2904 aiirni
940 2851 1026 2906 irrisae

159 2930 211 2986 uisi
233 2931 312 2994 leges
330 2926 476 2995 iurantium:
503 2935 600 2982 rurum
623 2929 731 2986 i’rriruian
754 2949 771 2986 a
791 2933 883 2988 i'rmis
901 2951 963 2990 esar·
983 2953 1025 2992 ar·-

157 3023 263 3085 ruptas,
288 3029 321 3068 eu
348 3012 483 3066 ruuuurrui
508 3013 652 3082 utriusrpn·
677 3017 775 3086 popuii
800 3018 909 3084 «rumne
934 3020 1025 3076 rieoiu·

158 3100 271 3154 narnium
291 3107 344 3152 est.
373 3101 505 3165 erserpu·
524 3115 608 3166 porro
627 3100 849 3158 tiommrsiiier.
870 3103 1023 3160 (Adsumit.

158 3187 192 3240 rui
211 3193 312 3252 genuus
331 3201 358 3254 p.
377 3183 419 3236 tu.
439 3182 483 3236 orl.
504 3181 595 3251 spru.)
613 3184 648 3238 rio
670 3186 762 3240 Persis
786 3187 859 3242 dixit
878 3187 1024 3259 ἀγάλματα
