2278 3760
474 241 646 296 ..51-

123 401 211 456 larum
225 392 356 462 'gentium
377 393 461 448 rebus
476 394 567 462 gestis
579 399 664 464 atque
677 393 888 448 conditionibus
900 392 998 449 viven-

122 479 207 548 diqne
233 479 351 546 ratione,
380 479 453 532 unde
478 477 591 546 factum,
619 485 651 534 ut
674 478 744 534 haec
769 477 865 534 fabula
890 477 947 534 alio
970 477 999 531 in

121 563 228 634 populo
247 562 332 618 aliam
351 561 455 632 habeat
474 562 600 618 formam.

190 647 300 702 XXXI.
338 647 395 712 Sed
414 647 469 701 iam
486 647 699 718 progrediamur
722 647 758 702 ad
777 646 893 702 alteram
912 661 995 718 quae·

121 733 223 789 stiouis
250 738 364 787 nostrae
388 736 507 802 partem.
544 731 582 786 Ut
608 733 663 788 iam
690 749 774 804 supra
801 749 997 788 commemora·

122 820 224 886 vimus,
243 817 363 872 humano
381 817 489 887 generi,
508 823 656 888 postquam
675 825 720 876 est
737 820 900 876 restitutum
913 822 999 888 atque

122 913 259 962 terrarum
278 904 339 960 orbi
357 903 507 970 redditum,
526 903 704 974 propositum
722 909 767 958 est
785 921 802 960 a
819 903 916 960 divina
934 917 997 972 pro-

122 994 258 1060 videntia,
277 999 310 1048 ut
322 993 351 1046 in
364 991 464 1058 omnia,
483 1003 555 1060 quae
569 987 748 1043 inveniantur
761 987 874 1042 malain
887 987 999 1054 mundo,

121 1093 250 1148 quaeque
270 1093 287 1131 a
305 1077 360 1132 deo
379 1075 504 1130 immissa
522 1074 579 1130 sint
601 1073 637 1128 sd
660 1071 801 1128 hominum
826 1073 902 1128 vires
920 1087 999 1126 exer-

122 1163 228 1218 cendas
246 1167 332 1232 atque
354 1159 507 1230 augendas,
532 1165 642 1230 pugnet
661 1165 690 1214 et
714 1176 748 1214 ea
772 1159 875 1226 vincat,
903 1158 999 1226 itaque

123 1250 277 1300 commutet
293 1245 418 1314 pessima
430 1259 558 1313 quaeque
571 1243 600 1299 in
612 1244 694 1299 bona.
732 1243 813 1309 Quod
825 1243 850 1298 si
862 1243 998 1312 perticere

123 1331 223 1398 velint,
241 1327 369 1384 homines
394 1345 455 1382 cum
473 1329 555 1384 malis
577 1327 661 1384 rebus
686 1327 856 1382 contendere
880 1342 998 1382 neeesse

123 1421 176 1484 est,
203 1414 296 1469 etita
319 1413 429 1468 demum
454 1411 601 1468 victoriam
628 1409 733 1466 referre
758 1418 888 1481 possunt.
934 1411 997 1466 Illis

124 1515 192 1554 vero
211 1498 247 1553 de
265 1497 369 1567 pugnis
388 1503 486 1551 eontra
503 1514 548 1554 res
566 1496 654 1552 malas
666 1497 757 1566 gestis
775 1498 845 1552 duas
861 1499 890 1551 in
902 1504 999 1568 partes

125 1602 156 1640 se
166 1585 359 1640 formaverunt
368 1583 491 1638 diversis
503 1585 533 1638 in
545 1583 659 1654 populis
672 1581 793 1652 fabulae,
803 1599 875 1654 quae
888 1598 998 1653 pugnas

124 1670 189 1724 illas
207 1676 238 1724 et
255 1685 372 1740 corpore
392 1676 422 1724 et
434 1671 525 1724 auimo
538 1675 636 1738 gestas
650 1669 766 1738 fingant,
785 1668 907 1736 fabulae,
926 1684 998 1738 quae

125 1770 214 1824 aeque
228 1769 261 1808 ac
274 1753 309 1808 de
322 1753 431 1809 diluvio
448 1754 630 1824 compositae,
649 1753 827 1822 cognationis
840 1754 999 1810 certissima

124 1857 193 1910 prae
213 1855 244 1894 se
263 1839 356 1894 ferant
374 1839 456 1907 signa
481 1845 565 1909 atque
589 1838 726 1893 unitatem
750 1837 861 1894 humani
886 1838 1000 1908 generis

127 1930 278 1988 testentur,
296 1923 363 1992 quia
380 1925 492 1993 positae
512 1925 616 1979 suntin
629 1925 783 1982 universali
802 1924 921 1996 quadam
938 1940 1000 1978 sen·

125 2010 218 2066 tentia
235 2015 321 2078 atque
340 2009 477 2066 communi
495 2009 624 2066 omnibus
640 2011 701 2068 iere
719 2011 834 2082 populis
852 2017 937 2081 atque
952 2025 999 2063 na-

126 2095 262 2152 tionibus.
311 2095 392 2160 Quod
419 2095 507 2164 igitur
533 2096 637 2152 attinet
664 2097 700 2152 ad
725 2113 848 2166 pugnam
874 2093 1000 2166 corporis

124 2181 234 2237 viribus
253 2184 351 2234 contra
368 2178 441 2233 mala
457 2187 585 2249 gestam„
603 2198 664 2238 eam
682 2182 804 2238 inveniri
821 2187 952 2252 putamus
970 2178 999 2232 in

125 2263 231 2319 fabulis
244 2262 310 2329 iilis,
329 2279 400 2331 qnae
413 2269 478 2318 sunt
491 2266 664 2336 compositae
678 2283 694 2322 a
706 2265 849 2335 plerisque
866 2263 999 2332 gentibus

126 2351 163 2405 de
181 2349 285 2420 pugnis
304 2355 402 2403 contra
420 2349 572 2416 dracones..
601 2349 700 2418 ltaque
719 2349 809 2418 primo
828 2347 941 2418 quidem
959 2347 999 2404 vi-

127 2436 252 2502 deamus,
271 2432 473 2502 qualemuobis
491 2450 613 2502 pugnam
631 2435 660 2488 in
672 2435 808 2490 dracones
824 2433 1001 2490 ostenderint

127 2520 193 2576 libri
212 2520 293 2575 sacri.
331 2520 358 2572 A
377 2519 479 2588 quibus
491 2519 581 2573 Deum
599 2519 766 2589 accepimus,
784 2516 924 2572 homiuum
939 2517 1000 2587 pari

126 2609 157 2662 in
166 2606 363 2666 amoenissima
374 2605 424 2660 iila
437 2605 561 2674 regione,
579 2618 650 2673 quae
664 2603 744 2657 Edeu
756 2607 881 2670 vocatur,
894 2602 1000 2672 posito,

128 2694 156 2748 ei
173 2693 345 2763 permisisse,
363 2699 396 2748 ut
413 2691 542 2760 fmgibus
560 2688 681 2742 omnium
699 2685 759 2740 tere
778 2685 853 2742 horti
871 2687 1000 2743 arborum

127 2777 285 2845 frueretur,
313 2782 433 2846 excepta
457 2776 556 2831 arbore
580 2773 630 2828 illa
651 2772 787 2828 scientiae
810 2773 946 2829 bonorum
971 2779 1001 2828 et

128 2861 271 2916 malorum.
320 2861 390 2914 Tum
409 2875 477 2915 vero
495 2858 598 2914 callida
616 2864 646 2913 et
663 2859 787 2928 maligna
804 2875 920 2930 serpens
938 2876 1000 2930 per-

128 2948 219 3004 suasit
246 2947 376 3002 credulae
407 2947 500 3014 Evae,
534 2950 566 2999 ut
595 2942 693 2997 ederet
723 2948 753 2996 et
781 2943 863 3000 huius
893 2945 1001 3001 arboris

128 3032 247 3088 fructus.
285 3030 362 3096 Quae
381 3047 464 3100 quum
476 3029 618 3100 serpentis
630 3028 715 3084 dictis
733 3029 898 3098 obediisset,
916 3036 1001 3099 atque

129 3121 193 3191 ipsa
210 3119 298 3174 edens
317 3124 346 3173 et
365 3117 478 3186 coniugi
501 3117 608 3194 vetitos
632 3113 760 3168 dedisset
784 3110 900 3180 fructus,
923 3111 1015 3166 Deus·

130 3205 214 3262 vaide
242 3205 330 3260 iratus
352 3204 471 3262 devovit
495 3216 615 3271 anguem
639 3199 745 3254 talibus
769 3197 853 3318 dipsis
881 3195 1000 3264 (Geues.
1036 3285 1039 3288 -
