2278 3760
496 237 663 294 -qq-

143 395 254 463 reliqua
280 408 391 464 quaque
421 391 536 447 vivendi
563 391 671 446 ratione
699 397 783 458 atque
810 389 972 444 conditione
999 407 1016 444 a

143 481 209 534 Deo
232 479 258 534 ei
281 479 431 548 preposita
452 477 535 534 nobis
558 476 717 532 ostenditur
742 475 888 530 humanum
915 491 1014 542 genus.

143 563 199 620 Hic
217 577 329 631 quoque
352 561 447 618 liubula
470 578 523 616 uos
545 577 601 616 non
624 560 738 628 deserit,
765 559 811 616 hic
828 573 939 629 quoque
963 577 1015 614 nos

142 647 224 704 ducit
242 647 298 702 lida
315 647 366 702 illa
383 638 518 715 magistre
534 658 624 714 usque
642 647 678 701 ad
696 648 812 717 primaru
829 646 967 714 originem
986 645 1015 700 in

144 731 222 786 veris
239 730 417 799 quaerendis.
453 730 607 784 Humanum
626 748 715 800 genus
736 733 821 788 docet
838 749 890 788 nos
912 730 1015 797 fabula,

143 833 201 871 non
219 815 308 871 solum
328 831 391 870 esse
409 795 688 886 periculo'ereptum,
707 833 803 872 verum
822 817 907 872 etiarn
924 817 1015 872 aDeo

143 902 250 958 iussum
273 916 338 960 ¹esse
362 899 497 967 audimus,
527 906 658 970 tanquam
679 902 801 970 heroem,
823 919 944 972 pugnarn
972 918 1013 956 re·

144 1002 251 1042 novare
269 992 368 1040 eontra
386 985 479 1040 omnia
496 985 554 1053 illa,
575 1001 647 1055 quae
672 989 719 1044 vel
740 989 794 1058 ipsi
820 991 943 1056 obstent,
968 986 1015 1042 vel
1105 1039 1107 1042 .

145 1072 309 1142 impediant,
327 1072 474 1140 quominus
492 1072 610 1127 mundus
628 1073 664 1128 ad
682 1090 815 1130 summum
829 1071 1014 1144 perlectionis

144 1165 230 1226 atque
242 1155 416 1226 integritatis
425 1157 541 1226 madum
551 1159 714 1228 perveniat3
730 1159 825 1227 itaque
839 1158 1014 1213 occasionem

144 1245 172 1299 ei
200 1248 230 1298 et
253 1243 417 1298 facultatem
442 1243 535 1298 datam
560 1258 623 1298 esse
651 1243 835 1312 intelligimus
861 1241 1015 1312 potestatis

144 1346 213 1384 suae
232 1328 382 1382 firmandae
401 1334 486 1395 atque
505 1329 678 1396 muniendae,
704 1335 734 1384 ut
755 1328 895 1396 qnondam
913 1327 1016 1382 cultior

145 1413 229 1470 bomo
247 1413 378 1468 discedet
396 1413 609 1483 ex,pe1ieulosa
626 1413 675 1469 illa
693 1414 874 1470 contentione
887 1412 1014 1480 huncque

145 1499 173 1553 in
204 1499 314 1554 modum
346 1499 541 1565 quaestionem
574 1498 650 1552 illam
686 1497 881 1566 gravissimam
913 1496 1015 1564 solvat,

145 1591 237 1638 utrum
263 1582 336 1638 mala
358 1583 470 1638 omnino
494 1583 623 1638 mundum
650 1589 751 1652 regant
772 1597 861 1650 aeque
886 1598 918 1636 ac
942 1582 1016 1636 bona

144 1686 241 1724 necne.
287 1669 345 1724 Sed
363 1669 531 1724 sententiam
554 1667 630 1722 illam
654 1669 690 1722 de
712 1665 823 1722 homine
848 1683 909 1722 curn
931 1666 1014 1722 rebus

145 1754 274 1810 adversis
291 1761 376 1823 atque
396 1753 476 1810 malis
493 1757 637 1823 pugnante
656 1751 761 1822 duplici
775 1751 858 1807 morlo
871 1751 898 1806 in
911 1751 1014 1806 fabulis

144 1839 203 1894 illis
221 1855 382 1908 expressam
404 1839 569 1905 invenimus,
593 1850 676 1905 quum
694 1853 798 1906 pugna,
823 1841 853 1890 et
874 1835 966 1890 animo
985 1841 1015 1889 et

144 1940 271 1993 corpore,
289 1923 437 1993 proposita
454 1923 500 1978 sit.
537 1924 661 1992 Pugnare
686 1924 767 1990 enim,
792 1938 873 1992 quam
896 1940 1014 1993 corpore

144 2011 291 2066 humanum
315 2028 405 2080 genus
423 2009 485 2078 init,
509 2009 621 2066 fabulae
646 2008 728 2064 nobis
752 2009 914 2075 ostendunt,
941 2023 1013 2076 (quae

144 2101 210 2152 sunt
228 2096 404 2165 conscriptae
423 2094 498 2164 apud
516 2109 611 2150 ornnes
630 2093 689 2148 fere
707 2094 828 2162 populos
846 2093 881 2148 de
900 2093 1013 2148 dimica-

144 2179 270 2235 tionibus
287 2181 315 2234 in
333 2180 469 2234 dracones
488 2184 671 2248 serpentesve
691 2179 816 2232 tentetis.
862 2178 951 2246 Atqui
969 2175 1015 2230 hie

143 2265 372 2335 praetermittere
389 2282 445 2320 non
463 2280 619 2334 possumus,
637 2263 705 2331 quin
722 2279 812 2332 pauca
829 2261 953 2316 dieamus
971 2261 1015 2315 his

143 2351 180 2406 de
215 2349 450 2416 dimicationibus,
478 2350 576 2418 quales
597 2349 773 2418 reperiantur
791 2347 825 2402 'in
848 2346 1014 2416 populorum

144 2435 257 2502 fabulis,
282 2435 381 2503 quales
398 2435 427 2488 in
452 2435 531 2490 libris
556 2433 652 2489 sacris.
700 2433 773 2486 Dum
798 2431 870 2486 enim
895 2431 959 2484 eliis
985 2431 1014 2484 in

144 2520 248 2576 fabulis
266 2520 411 2576 dimicatio
430 2526 528 2575 contra
548 2519 684 2576 dracones
708 2525 841 2588 suscepta
864 2517 1014 2573 exterioris

143 2623 207 2662 esse
226 2612 342 2661 naturae
362 2606 482 2673 videtur,
509 2619 581 2674 quae
605 2621 670 2658 casu
694 2620 726 2658 ac
744 2604 862 2660 fortuito
881 2609 944 2658 orta
967 2604 1013 2673 sit,

143 2691 215 2746 sacri
234 2691 298 2746 libri
317 2707 378 2746 eam
397 2691 437 2746 ita
455 2697 607 2760 exponunt,
625 2697 657 2746 ut
675 2692 765 2761 magis
777 2691 931 2747 contrarias
948 2709 1013 2747 suas

142 2775 302 2830 sententias
319 2776 393 2829 inter
416 2791 446 2830 se
469 2773 596 2830 homines
620 2782 650 2831 et
672 2793 791 2846 anguem
813 2777 907 2832 dicere
929 2791 1011 2846 quam

143 2875 244 2914 revera
260 2875 386 2928 pugnare
405 2866 549 2929 apparent.
583 2858 609 2914 ‘0
627 2864 658 2918 ds*
677 2861 741 2934 ὄφις
754 2861 788 2930 ἦν
800 2861 1022 2936 cpompor'rcror

143 2941 256 2998 πάντων
280 2949 336 2997 τῶν
351 2950 463 3016 θηρίων
481 2950 537 2998 τῶν
554 2947 599 3000 ἐπὶ
617 2955 663 3014 τῆς
679 2955 730 3018 γῆς
748 2949 861 3014 (Gentes.
877 2949 903 3002 3.
924 2950 958 3015 1).
978 2979 1012 2988 —-

143 3030 242 3097 ltaque
262 3027 352 3083 hostis
371 3027 420 3082 ille
440 3045 495 3084 non
514 3029 614 3086 robore
638 3049 670 3087 ae
694 3033 722 3088 vi
746 3048 872 3102 pugnare
890 3039 1012 3100 poterat,

142 3113 241 3182 quales
265 3113 293 3168 in
314 3113 463 3182 gentilium
488 3116 655 3184 populorum
677 3118 780 3173 fabulis
807 3117 943 3172 dracones
970 3118 1011 3171 vi·

143 3201 248 3271 demus,
266 3199 348 3276 ignes
367 3207 531 3260 evomentes
541 3202 717 3276 squamisque
732 3200 888 3270 horrentes,
907 3202 957 3253 sed
971 3201 1010 3254 in·

1132 2983 1133 3042 l

1132 3095 1133 3150 l

1131 3155 1133 3200 l

1130 3271 1133 3308 l

1132 3333 1133 3364 l

1132 3369 1133 3399 l
