2252 3774
491 243 658 298 ..24-

213 395 294 451 ΧΙΙΙ.
315 395 353 451 Ut
371 402 463 450 autom
482 395 579 464 fornas,
603 397 644 452 ita
660 398 777 453 anatona
795 409 906 464 quoque
925 393 1023 450 saeris

141 481 221 536 libris
246 480 382 544 subioota,
405 479 573 548 gravissima
596 482 789 548 uberrimaque
811 486 863 546 est,
887 494 960 548 quae
983 485 1024 534 et

142 565 257 621 mirifice
277 565 453 621 commendat
476 583 547 636 capus
569 565 639 620 iiiuri
666 565 799 632 divinum,
822 571 907 634 atque
926 565 1023 634 digna

142 657 196 720 east,
214 663 286 720 quse
305 650 351 706 bie
369 651 546 706 lineamentis
566 652 623 706 saria
642 655 787 720 spectetur
799 667 815 704 a
826 651 909 706 uobis
927 655 1021 719 atque

141 735 327 805 intelligatur,
364 735 416 790 His
443 735 516 789 euim
544 735 571 788 iu
603 734 682 790 libris
709 740 739 789 et
765 734 902 802 originem
928 739 1021 802 atque

139 819 309 890 pnnoipium
319 817 429 873 humani
440 819 553 888 generis
563 819 698 886 videmus,
710 817 753 874 bis
766 819 794 872 in
808 819 888 874 libris
897 825 1021 889 apertus

141 903 222 958 nobis
241 908 288 958 est
311 901 372 958 eius
395 903 459 957 iinis
481 917 569 972 arsque
595 903 630 958 ao
653 903 779 958 ultimum
806 908 926 972 tempus.
966 901 1019 955 Vi-

140 988 240 1044 tiomus
259 986 304 1042 hio
321 987 403 1057 primi
423 986 543 1042 bominis
562 993 651 1042 satum
678 993 762 1056 suque
786 993 878 1042 ortum
902 994 932 1042 et
955 1003 1018 1040 mu-

143 1073 220 1128 lieris
239 1071 442 1130 sonnatiouem.
461 1072 589 1128 audimus
606 1087 688 1141 quam
706 1073 817 1128 beatam
835 1072 864 1126 in
880 1071 1019 1141 paradiso

143 1159 282 1228 degerint,
305 1167 426 1226 quantus
450 1157 535 1213 fuerit
559 1173 659 1213 eorum.
677 1157 705 1212 iu
724 1158 813 1210 Deum
838 1171 923 1222 amor,
947 1171 1017 1222 eog-

140 1243 283 1298 nosoimus
302 1259 396 1298 eorum
416 1243 525 1313 eulpam
544 1249 573 1297 et
592 1259 637 1298 res
656 1242 798 1309 adversas,
822 1241 851 1294 in
869 1253 939 1308 quas
958 1239 1017 1294 eai-

144 1329 218 1384 iitius
237 1335 267 1384 et
284 1329 424 1396 mutianus
443 1329 498 1384 iste
518 1343 641 1398 serpens,
660 1343 712 1396 per
729 1341 811 1395 quem
830 1325 953 1381 tentavit
965 1325 1017 1380 bo-

86 1401 90 1412 ’
141 1414 229 1470 mines
247 1415 376 1484 nequitia
394 1421 478 1483 atque
497 1413 671 1482 improbitas,
693 1427 742 1466 eas
761 1411 925 1480 adduxerat,
949 1427 1016 1481 praa-

141 1499 322 1568 pagationem
350 1515 444 1554 eomm
467 1497 582 1568 primam
607 1497 814 1566 cognoscimus,
838 1509 1015 1566 quonamque

142 1583 225 1638 mutilo
243 1583 293 1638 ilia
311 1583 416 1638 vixerit
435 1589 519 1651 atqua
541 1583 666 1652 perierit.
704 1583 791 1637 Porro
816 1595 926 1650 quoquo
952 1599 1014 1636 raur-

144 1674 208 1723 rant
225 1669 315 1737 nobis,
333 1668 463 1724 mundum
477 1684 528 1737 per
537 1667 673 1724 diluvium
684 1673 824 1723 vastabam
838 1683 901 1722 esse
915 1667 1015 1734 aDro,

141 1754 189 1824 qui
209 1760 302 1808 tamen
319 1753 464 1808 meliorem
484 1755 612 1809 erunibus
630 1771 663 1808 ex
688 1753 818 1808 animatis
842 1753 926 1808 rebus
947 1751 1014 1806 roti-

141 1845 222 1894 neret
241 1838 357 1908 stirpem
371 1839 405 1894 sui
419 1845 509 1894 terras
523 1839 621 1894 iterum
636 1837 793 1908 replendus.
831 1837 908 1902 Quae
921 1836 1016 1892 omnia

142 1939 159 1977 a
177 1925 264 1978 saeris
284 1923 374 1978 literis
393 1923 474 1978 nobis
488 1923 594 1978 tradita
606 1923 727 1980 diversis
740 1923 768 1978 in
780 1922 894 1993 populis
906 1921 1015 1978 varium

142 2006 248 2064 babent
267 2008 388 2064 colorem
407 2015 491 2077 atque
511 2009 644 2077 ordinem,
662 2016 694 2064 ut
711 2025 801 2079 paene
816 2007 931 2078 agnosei
950 2025 1016 2078 pos·

141 2093 206 2162 sint,
229 2093 283 2148 nisi
309 2099 388 2148 eerta
411 2093 447 2148 iis
469 2095 621 2150 manserint
648 2095 743 2164 signam
770 2095 889 2163 dumque
908 2093 952 2148 bis
978 2094 1016 2150 ‹le
1115 2139 1116 2154 a

142 2177 225 2234 robus
253 2179 327 2248 opud
350 2179 479 2234 diversos
502 2180 624 2250 populos
649 2179 761 2236 fabulae
786 2181 922 2236 obseurat
949 2187 1016 2236 sunt

139 2268 271 2330 tanquam
290 2263 385 2319 densis
403 2265 514 2320 nebulis
533 2271 617 2334 atque
636 2267 760 2322 tenebris
774 2267 904 2332 intectae,
926 2265 1016 2320 aseris

142 2347 170 2401 in
194 2347 285 2403 literis
311 2363 359 2404 eas
387 2349 544 2405 invenimus
572 2351 661 2405 elaras
690 2357 719 2404 ei
745 2351 909 2420 perspicuas
935 2355 1016 2405 reete

140 2431 238 2486 ordine
262 2431 413 2488 instnrotss
442 2433 570 2503 interque
594 2451 623 2489 se
647 2435 764 2504 innotus,
794 2443 825 2490 ut
849 2451 961 2506 semper
985 2435 1014 2488 in
1116 2481 1117 2492 ,

141 2515 176 2570 iis
194 2515 314 2572 lueidsm
333 2517 478 2574 videamus
503 2517 612 2574 humani
639 2518 923 2588 generiabistoriam
949 2521 1016 2576 inde

141 2600 264 2670 aprime
283 2601 344 2656 eius
363 2607 435 2656 ortu.
473 2602 558 2657 Hisee
579 2619 646 2658 vero
658 2605 866 2660 narrationibus
879 2605 1017 2660 adiiciunt

141 2685 212 2740 seori
237 2685 299 2742 iibri
327 2686 485 2755 praeclaras
508 2703 560 2742 neo
583 2705 637 2743 non
662 2689 794 2758 egregias
822 2689 902 2758 leges
928 2695 1014 2758 atque

142 2769 346 2838 institutiones,
378 2772 405 2826 in
436 2773 537 2840 quibus
565 2775 669 2830 ruasuis
702 2789 813 2844 quoque
840 2776 1015 2845 temporibus

144 2855 264 2910 inaximo
282 2873 346 2926 pars
366 2873 469 2924 eonon,
487 2873 559 2928 quae
578 2861 612 2914 aul
632 2877 724 2914 naues
743 2860 932 2916 emendandos
950 2869 1016 2916 sunt

142 2947 302 3010 praecepta,
321 2941 401 3010 qussi
420 2943 448 2996 in
468 2943 546 2998 timna»
560 2945 710 3014 validoque
723 2945 907 3000 ibndsmento
919 2946 1015 3014 posito

142 3030 194 3078 est.
233 3027 353 3091 iturarum
373 3035 586 3098 praeceptorum
606 3031 693 3084 saeris
712 3030 739 3084 in
759 3027 849 3084 literis
866 3029 948 3084 nobis
966 3030 1012 3084 sla-

143 3115 232 3163 toron
251 3110 490 3166 excellentissima
513 3119 578 3167 serit
602 3113 746 3183 qaroeoiare
771 3113 820 3166 iiia
844 3114 879 3166 tio
905 3114 1012 3170 unitate
1114 3142 1115 3168 a

144 3191 195 3248 liei
216 3194 352 3264 doctrina,
371 3209 442 3264 qum
461 3196 590 3264 ‹ieeaiogi
611 3206 655 3256 ost
674 3198 804 3254 eximium
823 3197 909 3252 deeras
928 3205 1011 3270 atque
