2278 3760
470 281 708 346 -79..'

118 442 234 498 vincere
251 442 389 513 potuisse,
407 449 526 513 constat,
544 443 574 498 id
592 444 667 513 qnod
684 441 812 514 pluribus
829 459 881 497 nos
895 441 989 497 dicere

118 524 190 580 nibil
208 526 326 597 attinet3
349 528 400 582 sed
424 528 564 582 interdum
583 528 636 583 sub
654 527 730 582 eius
750 525 923 598 potestatem
947 543 989 581 re-

118 611 279 681 digebatur,
302 618 400 668 eontra
422 627 503 682 quem
530 613 662 668 dimicare
690 619 807 668 conatus
835 618 887 668 est.
932 613 989 667 Hu-

118 711 229 751 manum
257 701 350 752 antem
375 711 465 766 genus
489 697 608 752 amalis
631 712 715 766 quum
738 697 845 752 victum
869 713 899 752 se
926 712 989 752 esse

118 781 340 850 videreturque
365 782 504 837 servitute
528 797 708 851 oppressum,
736 780 909 852 temporibus
933 781 990 836 illis

119 866 224 936 iniquis
233 881 297 920 mox
308 867 334 921 ei
344 867 440 936 opinio
450 867 544 936 aliqua
553 867 588 922 de
602 867 718 922 meliore
731 867 850 936 quodam
863 871 990 937 ternpore

118 949 215 1006 futuro
233 951 310 1006 nasci
328 951 459 1018 debebat,
487 967 552 1020 spes
575 952 711 1020 quaedam
735 969 752 1006 a
775 953 872 1008 divina
896 953 990 1022 provi·

119 1036 219 1092 dentia
242 1034 347 1092 homini
372 1036 485 1106 tradita,
510 1049 581 1106 quae
600 1037 749 1092 certiorem
768 1054 830 1092 enm
853 1037 931 1107 fecit,
956 1053 991 1092 ex

119 1121 210 1190 stirpe
235 1135 286 1175 sua
308 1120 448 1189 quondam
466 1121 638 1176 exoriturum
662 1126 836 1176 servatorem
855 1128 939 1190 atque
958 1121 990 1175 li-

119 1206 280 1261 beratorem
298 1205 359 1260 sive
381 1205 520 1273 Messinm,
539 1205 725 1274 indignitates
743 1207 991 1276 contumeliasque,

118 1304 190 1359 quas
207 1289 348 1344 hominum
366 1305 456 1360 genus
468 1291 642 1360 pertulisset,
660 1289 791 1362 ulturnplr.
829 1292 990 1346 clarissime

119 1376 226 1431 hancce
238 1363 367 1431 videmus
380 1375 541 1444 opinionem
553 1376 722 1431 declaratam
734 1377 762 1430 in
776 1377 881 1432 Vetere
892 1377 990 1432 Testa·
1027 1389 1032 1398 ·

120 1466 230 1530 mento3
248 1458 294 1514 bic
312 1460 393 1528 enim,
411 1460 460 1515 nbi
478 1459 534 1514 iam
551 1460 669 1530 primum
681 1459 822 1516 homiuum
839 1477 891 1532 par
902 1461 992 1531 prima

120 1547 150 1601 in
167 1563 263 1617 pugna
280 1551 378 1601 contra
395 1545 496 1600 malum
515 1552 654 1616 suscepta,
678 1547 721 1600 illi
745 1547 925 1602 succubuisse
944 1563 990 1601 an·

120 1633 212 1687 dimus
229 1647 281 1702 per
297 1633 418 1687 vetitum
435 1631 515 1686 nefas
533 1647 624 1700 ruens,
643 1631 696 1701 hio,
714 1630 762 1687 ubi
780 1632 933 1702 repetitum
950 1632 991 1687 vi-

121 1717 219 1772 demus
237 1716 291 1771 boe
309 1721 449 1771 certamen
462 1731 553 1784 neque
571 1715 684 1770 felicius
702 1721 829 1770 exactum
843 1715 929 1770 caede
943 1707 996 1771 illa

121 1801 246 1856 fraterna
263 1801 356 1867 Kaini,
381 1800 410 1854 in
427 1798 547 1854 hnmano
571 1815 683 1869 genere,
706 1800 781 1868 quod
805 1800 912 1854 recenti
935 1815 990 1854 me-

121 1887 210 1942 moria
218 1892 329 1942 teneret
338 1886 434 1940 clades
444 1885 508 1940 illas
518 1885 610 1952 animi,
623 1885 793 1955 praeclaram
806 1885 991 1954 intelligimus

123 1972 205 2028 simul
241 1977 330 2026 ort-am
361 1987 424 2028 esse
454 1970 615 2040 opinionem
645 1975 729 2040 atque
756 1986 835 2040 spem
866 1971 992 2027 melioris

122 2059 266 2114 cniusdam
284 2057 428 2128 temporis,
446 2070 518 2126 quae
536 2057 648 2125 quidem
664 2056 760 2126 opinio
779 2055 929 2112 manifesto
948 2064 993 2112 est

122 2158 259 2214 expressa
275 2142 371 2198 verbis
383 2141 449 2208 illis,
467 2141 568 2210 quibus
581 2140 736 2196 Lamechns
748 2141 808 2197 filio
821 2159 872 2197 suo
884 2141 991 2198 Noacbi

122 2245 224 2284 nomen
253 2228 384 2298 imponit,
414 2239 496 2296 quem
526 2226 656 2282 solatium
687 2227 826 2296 quondam
858 2227 992 2282 malorum

122 2315 314 2385 praebiturum
338 2317 448 2382 sperat3
475 2329 538 2366 nam
562 2311 675 2378 (Gen'es.
700 2313 724 2379 5,
749 2312 803 2380 29.)
827 2303 915 2382 οὗτος,
943 2315 992 2382 ait,

123 2395 311 2456 draconariam
333 2395 479 2466 »ipsissimi
502 2404 558 2451 τῶν
576 2399 672 2472 ἔργων
694 2395 775 2466 ἡμῶν
793 2400 840 2452 καὶ
864 2396 918 2452 dno·
937 2407 993 2454 τῶν

124 2491 221 2540 λυπῶν
232 2491 288 2539 τῶν
300 2491 410 2558 χειρῶν
422 2479 503 2552 ἡμῶν
521 2483 568 2536 καὶ
586 2480 640 2536 dud
653 2488 700 2548 τῆς
712 2489 762 2552 γῆς
775 2473 806 2549 ἧς
819 2483 992 2558 κατηράσατο

124 2569 223 2646 siquos
241 2567 257 2624 ὅ
276 2567 356 2630 esde.
391 2568 480 2637 Atqui
493 2568 614 2623 nondum
627 2567 781 2622 advenerat
793 2573 904 2637 tempus
921 2569 992 2622 illud

124 2656 220 2712 solatii
238 2655 359 2726 plenum,
384 2654 475 2724 magis
493 2655 639 2724 magisque
657 2654 766 2724 lapsum
785 2659 829 2709 est
846 2652 992 2710 humanum

123 2757 222 2810 genus,
239 2746 272 2795 ut
290 2741 411 2808 denique
432 2736 486 2794 hoc
504 2755 539 2794 ex
558 2739 625 2795 orbe
644 2743 779 2794 terrarum
797 2739 902 2808 depelli
923 2757 993 2810 opus

124 2831 211 2881 esset.
247 2824 378 2880 Noacbus
405 2830 513 2879 tanturn
537 2824 664 2879 omnibus
688 2840 748 2878 cum
773 2824 831 2880 suis
856 2841 890 2879 err
915 2831 994 2882 tanta

124 2909 266 2966 hominum
284 2911 313 2966 vi
332 2927 367 2965 ex
385 2909 522 2964 communi
540 2908 591 2963 illo
615 2909 703 2964 exitio
726 2915 864 2978 servatus,
886 2911 993 2980 antiqui

123 2995 219 3050 mnndi
248 2995 382 3064 reliquias
409 2995 543 3064 quasdam
570 2993 598 3047 in
624 3009 725 3048 novam
753 2993 829 3050 orbis
859 3000 993 3050 terrarum

124 3081 241 3136 formam
253 3080 407 3148 transtulit,
426 3085 510 3149 atque
523 3079 598 3133 inter
609 3078 743 3148 reliquias
755 3079 819 3136 illas
834 3081 993 3151 opinionem

124 3179 237 3234 qnoque
255 3171 285 3220 et
303 3181 381 3234 spem
400 3164 543 3233 egregiam
568 3163 693 3218 melioris
717 3164 860 3219 cuiusdam
882 3164 993 3220 humani

124 3250 240 3320 generis
257 3249 428 3306 conditionis
446 3256 532 3320 atque
544 3249 628 3304 animi
641 3249 826 3305 liberationis.
863 3251 918 3304 Per
935 3256 994 3306 tres
