2278 3760
472 307 641 358 *61-

122 475 199 513 ormn
208 459 340 528 propriae
353 458 388 512 de
401 457 536 526 singulari
548 459 682 526 unguium
694 459 731 526 vi,
743 457 793 512 sed
806 457 890 511 etiam
903 455 992 510 lucem

122 544 205 598 affert
230 544 367 611 quandam
386 543 422 596 de
446 559 514 598 vcra
531 543 664 611 unguium
687 548 796 596 natum.
843 541 913 595 Nam
935 557 992 594 non

121 635 192 694 tam,
221 634 254 682 ut
283 628 424 696 unguibus
451 633 591 695 tamquam
620 627 737 681 venenis
767 633 877 680 utamur
910 625 992 679 nobis

121 712 256 781 ostendit,
281 725 363 780 qrrarn
380 713 485 782 potius,
506 729 615 781 ungues
633 713 714 780 rigna
732 716 826 766 certae
849 710 992 764 cuiusdam

120 797 159 852 rei
177 815 349 868 proponens,
368 799 491 867 quaesit
509 799 544 851 iis
562 797 723 852 resecandis
742 795 901 851 adhibenda
918 795 992 848 ratio

121 882 255 952 explicat.
305 882 377 938 Sunt
399 883 472 936 eninr
495 897 604 951 ungues
626 897 763 935 annorum
786 880 865 948 quasi
889 879 1008 947 imago„

119 979 192 1034 quae
210 966 369 1022 bominibus
394 967 484 1038 primo
508 983 598 1021 rerum
621 973 697 1021 statu
720 972 820 1037 parata
846 971 933 1031 crant,
959 969 992 1018 ut

118 1050 283 1106 Venusinus
302 1041 351 1106 ille
369 1057 456 1121 poeta
473 1058 530 1106 tam
548 1051 691 1122 praeclaro
710 1051 813 1106 cecinit
830 1051 909 1116 (Hor.
930 1049 989 1102 Sat.

120 1135 142 1190 Ι.
163 1137 189 1190 3.
209 1138 264 1205 99.)
619 1149 621 1152 ·

118 1238 187 1292 Cum
205 1243 407 1307 prorepserunt
424 1237 522 1308 primis
542 1237 672 1292 animalia
690 1238 773 1293 terris

119 1323 226 1376 Mutum
240 1329 269 1376 et
287 1329 369 1392 turpe
388 1339 486 1392 genus,
505 1322 635 1392 glandem
651 1329 735 1391 atque
754 1321 857 1376 cubilia
875 1323 992 1390 propter

118 1405 266 1475 Unguibus
284 1413 314 1462 et
331 1408 434 1476 pugnis
453 1407 517 1461 dein
536 1407 657 1464 fustibus
676 1415 760 1476 atque
779 1408 820 1462 ita
837 1422 921 1476 porro

116 1491 285 1559 Pugnabant
303 1492 395 1560 arinis,
413 1505 485 1560 quac
504 1497 570 1560 post
587 1491 776 1548 fabricaverat
794 1508 870 1546 usus.

186 1591 350 1662 Eodemque
386 1594 445 1648 tere
473 1593 556 1648 modo
584 1593 732 1648 Lucretius
760 1593 811 1658 (de
839 1592 904 1646 Rer.
933 1595 990 1645 nat.

116 1679 140 1744 5,
160 1677 247 1744 1282.)
267 1678 353 1732 dixit:

169 1780 257 1833 Arma
274 1780 391 1850 antiqua
408 1797 512 1848 ritanus,
531 1796 640 1850 ungues
659 1780 815 1848 dentesque
834 1779 947 1834 suerunt

172 1865 210 1920 Et
228 1865 338 1934 lapides
357 1866 471 1920 etitem
490 1865 623 1921 silvarum
643 1865 780 1934 fragmina
798 1865 874 1920 rami.

186 1980 239 2045 Qui
259 1980 354 2049 igitur,
367 1981 563 2037 —manifesto
582 1989 626 2037 est
638 1982 782 2038 Talmudis
796 1982 945 2048 sententia,
957 2011 989 2022 -

117 2065 221 2120 haecce
254 2066 366 2134 quidem
394 2080 475 2121 anna-
494 2073 611 2136 propter
637 2069 733 2122 rudem
755 2067 891 2136 tirmram,
918 2083 989 2135 quae

119 2151 216 2204 rudem
230 2151 314 2205 etiam
328 2158 412 2220 atque
425 2152 542 2206 ferinam
555 2153 716 2221 significant
730 2169 860 2222 pugnarn,
880 2159 991 2208 recusat

117 2251 205 2304 seque
223 2237 277 2297 Dei
296 2237 513 2292 benevolentiae
532 2243 616 2307 atquc
630 2237 737 2307 ingenii
756 2239 863 2294 viribus
880 2257 896 2293 a
914 2255 989 2292 crea-

118 2327 180 2374 tore
199 2321 254 2375 sibi
272 2321 348 2376 datis
366 2323 525 2391 committit,
557 2330 633 2381 certe
652 2323 716 2392 pius
734 2323 778 2378 vir
797 2329 849 2390 est,
874 2323 921 2391 qui
940 2339 989 2376 eos

118 2405 274 2473 abscondit,
285 2405 322 2460 'id
341 2412 393 2473 est,
412 2405 502 2461 ferina
520 2407 570 2462 illa
582 2413 698 2462 naturae
714 2407 742 2460 vi
761 2407 809 2476 qui
822 2405 989 2476 periculosis

117 2488 208 2542 solum
227 2490 400 2558 temporibus
418 2491 562 2546 moderate
582 2492 678 2558 utitur,
697 2491 788 2545 iustus
807 2497 859 2555 est,
878 2488 988 2559 sed‘qui

120 2589 171 2626 eos
199 2573 297 2626 deiicit
321 2574 367 2628 rel
386 2574 421 2628 iis
440 2574 566 2629 abutitur
582 2575 678 2644 itaque
703 2574 847 2643 indignum
871 2591 902 2630 sc
927 2591 990 2630 esse

117 2671 225 2712 summa
237 2657 286 2710 illa
297 2657 417 2712 bominis
429 2659 604 2732 praestantia
615 2659 749 2726 declarat,
762 2659 822 2714 iure
833 2660 988 2729 meritoque

118 2750 164 2798 est
183 2743 326 2812 improbus
345 2749 430 2812 atquc
449 2759 552 2812 pravus
577 2743 668 2799 homo.
707 2745 748 2798 Ea
766 2745 862 2814 itaque
881 2751 934 2814 est,
958 2751 989 2800 ut

120 2845 155 2882 ex
169 2827 305 2881 'Palmudc
318 2828 450 2897 cognosci
463 2833 568 2897 potest,
578 2841 646 2883 vera
654 2829 788 2898 unguium
802 2830 904 2898 inrogo,
917 2847 989 2900 quae

117 2929 188 2968 vero
216 2912 310 2980 imago
338 2929 486 2980 armorum,
518 2919 736 2969 tutamentomm
763 2921 793 2970 ct
819 2933 988 2972 venenorum

118 2997 193 3066 apud
212 2996 284 3051 alios
307 2997 429 3066 populos
452 2997 619 3052 nationesne
647 3004 703 3052 tam
730 3001 876 3056 obscurum
904 3007 988 3070 atquc

117 3090 209 3136 atrum
232 3082 314 3136 duxit
338 3081 474 3149 colorem,
502 3087 533 3136 ut
557 3083 640 3137 modo
665 3083 829 3140 Talmudico
852 3086 902 3140 illo
926 3085 989 3140 loco

117 3166 989 3238 explicaripoasitatquecognosci3aliterenimambagcssunt

117 3251 280 3322 perplexae,
288 3267 336 3305 our
343 3251 412 3320 ipsis
420 3251 595 3320 inunguibus
603 3250 729 3308 homines
740 3253 859 3308 salutem
870 3259 918 3308 sut
930 3255 987 3308 exi-
