2278 3760
498 283 666 342 ,43..

143 438 274 506 ,quamvis
300 438 416 508 pulchra
439 445 523 509 atque
547 440 636 496 forma
660 439 780 508 insignis
804 443 895 507 esset,
923 443 1021 494 tamen

148 529 254 578 tantam
272 526 441 582 ostendebat
463 525 680 596 improbitatem,
704 532 736 580 ιιι
758 525 851 580 omnia
874 525 925 579 illa
942 525 1021 580 bona

147 627 164 664 a
181 610 301 680 coniuge
313 611 471 669 hominibus
483 612 557 680 data,
570 611 765 680 pessumdaret
776 615 861 680 atque
873 609 1019 678 perderet.

147 693 247 764 Itaque
271 695 375 763 effecit,
401 701 433 750 nt
455 694 570 750 Funnha
593 693 694 750 fluvius
718 695 801 760 (nunc
825 693 878 750 Rio
903 695 1020 763 Bogota

147 779 193 848 qui
216 783 343 847 vocatur)
366 779 477 834 alveum
501 779 671 834 redundaret
697 784 841 848 totamque
868 779 1020 836 inundaret

142 862 301 932 planitiem.
338 863 452 918 Minima
472 863 612 918 hominum
636 881 701 934 pars
719 864 929 920 inundationem
947 863 1018 920 effu·

146 955 256 1019 gerunt,
269 951 403 1006 montium
415 950 535 1006 eulmina
543 949 736 1006 ascendentes.
750 949 906 1006 Botachilra
915 957 1019 1018 autem,

146 1049 252 1088 summa
277 1033 320 1088 ira
345 1033 538 1101 inflammatus,
568 1035 750 1090 commutavit
777 1036 931 1106 improbam
957 1051 1017 1090 urn-

146 1117 243 1172 lierem
270 1117 298 1171 in
328 1117 434 1186 lunam,
461 1125 545 1188 atque
573 1119 689 1189 rupibus
715 1119 842 1188 diffissis,
868 1120 1017 1178 decursum

145 1201 278 1272 praebuit
295 1201 375 1270 aquis
392 1217 444 1271 peu
461 1203 670 1260 celeberrimam
689 1204 765 1260 illam
780 1209 948 1261 cataractam
962 1204 1017 1258 Te-

146 1287 318 1356 quendanaa,
337 1287 506 1357 quingentos
524 1291 706 1360 septuaginta
718 1290 807 1360 pedes
824 1289 918 1346 altam.
947 1288 1017 1344 Gra·

146 1372 255 1428 nissimi
265 1378 309 1428 est
321 1374 453 1428 momenti
467 1375 502 1430 ad
511 1375 685 1444 propositam
695 1373 888 1443 quaestionem
898 1378 1019 1444 propter

146 1463 241 1527 aptum
261 1464 423 1514 contentum
441 1475 502 1514 cum
520 1459 616 1516 sabula
639 1459 674 1514 de
698 1458 768 1514 turri
791 1473 809 1512 a
829 1457 943 1528 populis
967 1473 1017 1512 ex·

145 1549 252 1598 structa
276 1543 463 1614 (Babylonica
484 1560 556 1613 quae
580 1545 742 1615 appellatur
759 1544 788 1598 in
806 1544 894 1600 sacris
916 1542 1017 1610 libris),

146 1627 175 1682 id
188 1627 264 1696 quod
276 1633 404 1684 narratur
415 1629 451 1684 de
463 1631 609 1700 pyramide
619 1631 782 1686 Cholulensi
796 1629 885 1696 (Milli.
895 1647 923 1698 p.
933 1627 1018 1696 abd),

146 1727 218 1780 quae
230 1711 380 1768 aedificata
391 1711 430 1766 sit
442 1731 458 1770 a
468 1716 586 1784 gigante
598 1718 727 1786 quodam,
740 1715 853 1772 Xelhua
863 1713 1018 1782 nominato,

146 1797 194 1866 qui
213 1797 353 1866 effugerat
371 1797 515 1854 dilnvium.
553 1800 641 1866 Quem
659 1801 817 1871 acecpimus
835 1795 940 1867 scapha
957 1813 1017 1852 ser-

146 1889 242 1940 vatum
266 1899 329 1938 esse
351 1884 386 1938 ab
404 1885 493 1939 exitio
521 1888 651 1942 murrdmn
680 1892 836 1954 evertente,
863 1891 921 1940 turn
946 1899 1017 1940 raro

145 1986 250 2024 novum
267 1971 427 2026 condidisse
450 1969 597 2028 humanum
621 1987 718 2040 genus,
742 1969 855 2026 tandem
879 1985 947 2024 vero
970 1983 1016 2024 se-

146 2055 219 2110 cium
236 2054 340 2110 iactum
353 2071 416 2110 esse
430 2071 533 2125 eornm,
551 2057 599 2126 qni
611 2056 708 2111 turrim
722 2061 908 2124 exstruerent,
925 2069 1017 2124 usque

146 2158 280 2196 summum
298 2142 334 2196 ad
352 2141 460 2196 coelum
479 2143 675 2212 pertinentem.
721 2142 794 2196 Dum
818 2141 1018 2196 exstruebatur

146 2228 246 2297 ingens
277 2228 369 2296 turris,
396 2229 562 2298 populorum
583 2227 724 2284 dissensio
747 2231 777 2280 et
803 2225 945 2280 discordia
971 2229 1018 2282 est
1052 2271 1058 2284 .

146 2319 217 2370 orta.
254 2313 324 2368 Tum
337 2330 405 2369 vero
418 2312 530 2368 Xelhua
541 2312 676 2383 populum
688 2329 767 2368 suum
780 2309 808 2365 iu
822 2309 1017 2366 Gnatemalam

146 2397 272 2466 deduxit,
291 2414 374 2466 agros
393 2397 493 2453 divisit
509 2399 584 2454 inter
602 2395 784 2452 Americanas
796 2401 897 2464 gentes
911 2401 941 2450 et
952 2410 1016 2463 per-

145 2481 247 2536 multas
259 2482 417 2552 praeclaras
430 2483 510 2552 leges
521 2489 606 2552 atque
617 2481 748 2537 instituta
758 2479 847 2534 duxit.
867 2479 1017 2534 Maximam

145 2583 213 2622 vero
232 2565 317 2624 habet
334 2568 391 2623 vim
409 2569 445 2623 ad
463 2568 656 2636 quaestionem
674 2573 797 2622 nostram
813 2565 1017 2633 illustrandam,

145 2652 365 2722 dignissimoque
384 2659 436 2722 est,
454 2667 526 2720 quae
550 2651 596 2708 hie
620 2653 754 2708 afferatur
776 2668 793 2706 a
816 2650 898 2706 nobis
920 2648 1018 2706 fabula

145 2736 195 2790 illa
221 2736 475 2804 Melnuacanonum,
491 2736 678 2792 vetustissimi
705 2735 813 2805 populi,
843 2734 878 2788 de
905 2733 1017 2790 diluvio

144 2821 219 2876 licta.
257 2821 333 2887 Quae
357 2821 493 2890 Tenpinm
514 2828 609 2876 narrat
632 2821 843 2878 inundationem
870 2819 1017 2888 effugisse.

144 2907 266 2963 diversis
284 2907 444 2962 animalium
461 2907 612 2975 generibus
631 2923 686 2962 una
709 2922 770 2960 eum
793 2904 900 2960 i'amilia
918 2905 1018 2960 suain

143 2991 283 3062 scapham,
301 3008 373 3062 quae
391 2993 483 3062 ipsum
501 2997 637 3060 servaret,
656 3005 750 3048 secum
768 2990 869 3046 ductis.
926 2989 1017 3056 Quium

144 3094 212 3132 vem
238 3093 328 3148 aquae
356 3076 519 3132 decrescere
548 3077 719 3144 viderentur,
750 3074 794 3130 vir
822 3073 870 3128 illc
896 3073 1017 3142 primum

144 3163 283 3220 vulturem
310 3162 419 3230 emisit,
448 3161 496 3232 qui
523 3178 579 3218 non
608 3161 707 3229 rediit,
734 3160 801 3230 quia
827 3159 854 3214 ei
881 3157 1018 3214 alimenta

143 3247 311 3318 praeberent
321 3247 526 3303 submersorum
536 3247 616 3316 aquis
626 3245 772 3316 gigantum
783 3261 909 3315 corpora.
942 3244 1015 3302 Tum
