<?xml version="1.0" encoding="UTF-8"?>
<!DOCTYPE html PUBLIC "-//W3C//DTD XHTML 1.0 Transitional//EN"
    "http://www.w3.org/TR/xhtml1/DTD/xhtml1-transitional.dtd">
<html xmlns="http://www.w3.org/1999/xhtml" xml:lang="en" lang="en">
 <head>
  <title>
</title>
<meta http-equiv="Content-Type" content="text/html;charset=utf-8" />
  <meta name='ocr-system' content='tesseract 3.04.00' />
  <meta name='ocr-capabilities' content='ocr_page ocr_carea ocr_par ocr_line ocrx_word'/>
</head>
<body>
  <div class='ocr_page' id='page_1' title='image "./decommunietsimp00lipsgoog_0098.png"; bbox 0 0 2278 3760; ppageno 0'>
   <div class='ocr_carea' id='block_1_1' title="bbox 470 252 640 308">
    <p class='ocr_par' dir='ltr' id='par_1_1' title="bbox 470 252 640 308">
     <span class='ocr_line' id='line_1_1' title="bbox 470 252 640 308; baseline -0.024 -14"><span class='ocrx_word' id='word_1_1' title='bbox 470 252 640 308; x_wconf 72' lang='grc'>..89-</span> 
     </span>
    </p>
   </div>
   <div class='ocr_carea' id='block_1_2' title="bbox 17 383 989 650">
    <p class='ocr_par' dir='ltr' id='par_1_2' title="bbox 17 383 989 650">
     <span class='ocr_line' id='line_1_2' title="bbox 18 383 989 484; baseline -0.011 -15"><span class='ocrx_word' id='word_1_2' title='bbox 18 393 19 484; x_wconf 68' lang='lat' dir='ltr'>i</span> <span class='ocrx_word' id='word_1_3' title='bbox 112 411 183 478; x_wconf 85' lang='lat' dir='ltr'>Isis,</span> <span class='ocrx_word' id='word_1_4' title='bbox 209 414 242 468; x_wconf 90' lang='lat' dir='ltr'>at</span> <span class='ocrx_word' id='word_1_5' title='bbox 265 383 429 468; x_wconf 78' lang='lat' dir='ltr'>columnam</span> <span class='ocrx_word' id='word_1_6' title='bbox 448 407 526 464; x_wconf 87' lang='lat' dir='ltr'>illam</span> <span class='ocrx_word' id='word_1_7' title='bbox 554 405 749 477; x_wconf 83' lang='lat' dir='ltr'>gravissimam</span> <span class='ocrx_word' id='word_1_8' title='bbox 775 405 989 475; x_wconf 85' lang='lat' dir='ltr'>adipisoeretur,</span> 
     </span>
     <span class='ocr_line' id='line_1_3' title="bbox 17 490 987 584; baseline -0.009 -29"><span class='ocrx_word' id='word_1_9' title='bbox 17 522 19 584; x_wconf 44' lang='grc' dir='ltr'><em>ξ</em></span> <span class='ocrx_word' id='word_1_10' title='bbox 113 510 257 566; x_wconf 82' lang='lat' dir='ltr'>aggressa</span> <span class='ocrx_word' id='word_1_11' title='bbox 266 499 319 563; x_wconf 85' lang='lat' dir='ltr'>est,</span> <span class='ocrx_word' id='word_1_12' title='bbox 338 500 375 562; x_wconf 84' lang='lat' dir='ltr'>et,</span> <span class='ocrx_word' id='word_1_13' title='bbox 392 493 515 564; x_wconf 87' lang='lat' dir='ltr'>benigne</span> <span class='ocrx_word' id='word_1_14' title='bbox 527 493 563 549; x_wconf 85' lang='lat' dir='ltr'>ab</span> <span class='ocrx_word' id='word_1_15' title='bbox 575 508 610 550; x_wconf 90' lang='lat' dir='ltr'>eo</span> <span class='ocrx_word' id='word_1_16' title='bbox 622 497 746 563; x_wconf 86' lang='lat' dir='ltr'>reospta,</span> <span class='ocrx_word' id='word_1_17' title='bbox 762 492 797 548; x_wconf 89' lang='lat' dir='ltr'>ad</span> <span class='ocrx_word' id='word_1_18' title='bbox 809 490 987 548; x_wconf 88' lang='lat' dir='ltr'>nutriendum</span> 
     </span>
     <span class='ocr_line' id='line_1_4' title="bbox 17 579 544 650; baseline -0.006 -13"><span class='ocrx_word' id='word_1_19' title='bbox 17 587 18 592; x_wconf 77' lang='grc'>’</span> <span class='ocrx_word' id='word_1_20' title='bbox 112 580 196 636; x_wconf 87' lang='lat' dir='ltr'>illius</span> <span class='ocrx_word' id='word_1_21' title='bbox 213 579 362 650; x_wconf 86' lang='lat' dir='ltr'>puerulum</span> <span class='ocrx_word' id='word_1_22' title='bbox 379 585 424 636; x_wconf 86' lang='lat' dir='ltr'>est</span> <span class='ocrx_word' id='word_1_23' title='bbox 444 579 544 636; x_wconf 76' lang='lat' dir='ltr'>aeolia</span> 
     </span>
    </p>
   </div>
   <div class='ocr_carea' id='block_1_3' title="bbox 113 661 989 3201">
    <p class='ocr_par' dir='ltr' id='par_1_3' title="bbox 113 661 989 3201">
     <span class='ocr_line' id='line_1_5' title="bbox 185 661 988 733; baseline -0.002 -15"><span class='ocrx_word' id='word_1_24' title='bbox 185 664 249 718; x_wconf 88' lang='lat' dir='ltr'>Lll.</span> <span class='ocrx_word' id='word_1_25' title='bbox 286 664 387 733; x_wconf 83' lang='lat' dir='ltr'>ltaque</span> <span class='ocrx_word' id='word_1_26' title='bbox 409 663 486 732; x_wconf 88' lang='lat' dir='ltr'>regis</span> <span class='ocrx_word' id='word_1_27' title='bbox 508 662 644 720; x_wconf 84' lang='lat' dir='ltr'>infantem</span> <span class='ocrx_word' id='word_1_28' title='bbox 667 662 723 720; x_wconf 88' lang='lat' dir='ltr'>lsis</span> <span class='ocrx_word' id='word_1_29' title='bbox 747 661 880 718; x_wconf 87' lang='lat' dir='ltr'>ednoavit</span> <span class='ocrx_word' id='word_1_30' title='bbox 902 665 988 731; x_wconf 80' lang='lat' dir='ltr'>atque</span> 
     </span>
     <span class='ocr_line' id='line_1_6' title="bbox 113 725 989 820; baseline -0.001 -16"><span class='ocrx_word' id='word_1_31' title='bbox 113 725 274 804; x_wconf 73' lang='lat' dir='ltr'>odinmnam</span> <span class='ocrx_word' id='word_1_32' title='bbox 300 748 392 816; x_wconf 89' lang='lat' dir='ltr'>illam,</span> <span class='ocrx_word' id='word_1_33' title='bbox 426 748 536 817; x_wconf 89' lang='lat' dir='ltr'>negotii</span> <span class='ocrx_word' id='word_1_34' title='bbox 565 751 609 806; x_wconf 91' lang='lat' dir='ltr'>sni</span> <span class='ocrx_word' id='word_1_35' title='bbox 636 749 788 820; x_wconf 88' lang='lat' dir='ltr'>praemium</span> <span class='ocrx_word' id='word_1_36' title='bbox 815 749 989 819; x_wconf 72' lang='lat' dir='ltr'>impetravit,</span> 
     </span>
     <span class='ocr_line' id='line_1_7' title="bbox 114 833 987 904; baseline -0.005 -10"><span class='ocrx_word' id='word_1_37' title='bbox 114 834 194 904; x_wconf 80' lang='lat' dir='ltr'>quod</span> <span class='ocrx_word' id='word_1_38' title='bbox 212 833 380 904; x_wconf 88' lang='lat' dir='ltr'>postularat.</span> <span class='ocrx_word' id='word_1_39' title='bbox 417 833 505 900; x_wconf 82' lang='lat' dir='ltr'>Quam</span> <span class='ocrx_word' id='word_1_40' title='bbox 523 847 607 904; x_wconf 84' lang='lat' dir='ltr'>quum</span> <span class='ocrx_word' id='word_1_41' title='bbox 624 840 708 890; x_wconf 84' lang='lat' dir='ltr'>nanta</span> <span class='ocrx_word' id='word_1_42' title='bbox 725 840 810 902; x_wconf 87' lang='lat' dir='ltr'>esset,</span> <span class='ocrx_word' id='word_1_43' title='bbox 829 850 890 890; x_wconf 84' lang='lat' dir='ltr'>earu</span> <span class='ocrx_word' id='word_1_44' title='bbox 907 838 987 904; x_wconf 88' lang='lat' dir='ltr'>pate-</span> 
     </span>
     <span class='ocr_line' id='line_1_8' title="bbox 115 915 989 988; baseline -0.002 -14"><span class='ocrx_word' id='word_1_45' title='bbox 115 918 188 976; x_wconf 84' lang='lat' dir='ltr'>leoit</span> <span class='ocrx_word' id='word_1_46' title='bbox 206 923 237 975; x_wconf 89' lang='lat' dir='ltr'>et</span> <span class='ocrx_word' id='word_1_47' title='bbox 255 919 361 976; x_wconf 82' lang='lat' dir='ltr'>exemit</span> <span class='ocrx_word' id='word_1_48' title='bbox 378 934 413 974; x_wconf 88' lang='lat' dir='ltr'>ex</span> <span class='ocrx_word' id='word_1_49' title='bbox 426 918 476 974; x_wconf 89' lang='lat' dir='ltr'>illa</span> <span class='ocrx_word' id='word_1_50' title='bbox 489 935 590 986; x_wconf 84' lang='lat' dir='ltr'>arram,</span> <span class='ocrx_word' id='word_1_51' title='bbox 608 918 687 974; x_wconf 89' lang='lat' dir='ltr'>ouius</span> <span class='ocrx_word' id='word_1_52' title='bbox 705 916 865 988; x_wconf 76' lang='lat' dir='ltr'>operculum</span> <span class='ocrx_word' id='word_1_53' title='bbox 884 915 989 974; x_wconf 83' lang='lat' dir='ltr'>extulit</span> 
     </span>
     <span class='ocr_line' id='line_1_9' title="bbox 115 1002 988 1075; baseline -0.002 -15"><span class='ocrx_word' id='word_1_54' title='bbox 115 1010 147 1060; x_wconf 91' lang='lat' dir='ltr'>et</span> <span class='ocrx_word' id='word_1_55' title='bbox 164 1003 264 1060; x_wconf 90' lang='lat' dir='ltr'>multis</span> <span class='ocrx_word' id='word_1_56' title='bbox 281 1003 385 1060; x_wconf 82' lang='lat' dir='ltr'>mortni</span> <span class='ocrx_word' id='word_1_57' title='bbox 402 1003 531 1074; x_wconf 82' lang='lat' dir='ltr'>coniugis</span> <span class='ocrx_word' id='word_1_58' title='bbox 549 1019 599 1060; x_wconf 89' lang='lat' dir='ltr'>ora</span> <span class='ocrx_word' id='word_1_59' title='bbox 616 1004 748 1075; x_wconf 63' lang='lat' dir='ltr'>loommis</span> <span class='ocrx_word' id='word_1_60' title='bbox 765 1002 890 1073; x_wconf 85' lang='lat' dir='ltr'>perfudit</span> <span class='ocrx_word' id='word_1_61' title='bbox 913 1019 988 1060; x_wconf 91' lang='lat' dir='ltr'>eum·</span> 
     </span>
     <span class='ocr_line' id='line_1_10' title="bbox 114 1079 988 1161; baseline 0 -17"><span class='ocrx_word' id='word_1_62' title='bbox 114 1079 171 1157; x_wconf 80' lang='lat' dir='ltr'>qne</span> <span class='ocrx_word' id='word_1_63' title='bbox 190 1088 320 1144; x_wconf 77' lang='lat' dir='ltr'>osculata</span> <span class='ocrx_word' id='word_1_64' title='bbox 337 1092 391 1144; x_wconf 87' lang='lat' dir='ltr'>est.</span> <span class='ocrx_word' id='word_1_65' title='bbox 428 1088 518 1154; x_wconf 82' lang='lat' dir='ltr'>Quum</span> <span class='ocrx_word' id='word_1_66' title='bbox 535 1096 629 1146; x_wconf 85' lang='lat' dir='ltr'>autem</span> <span class='ocrx_word' id='word_1_67' title='bbox 646 1095 749 1161; x_wconf 84' lang='lat' dir='ltr'>postea</span> <span class='ocrx_word' id='word_1_68' title='bbox 765 1089 820 1144; x_wconf 90' lang='lat' dir='ltr'>dea</span> <span class='ocrx_word' id='word_1_69' title='bbox 837 1089 988 1146; x_wconf 87' lang='lat' dir='ltr'>adlloruru</span> 
     </span>
     <span class='ocr_line' id='line_1_11' title="bbox 116 1174 988 1245; baseline 0.002 -15"><span class='ocrx_word' id='word_1_70' title='bbox 116 1175 215 1243; x_wconf 88' lang='lat' dir='ltr'>filium,</span> <span class='ocrx_word' id='word_1_71' title='bbox 231 1175 299 1230; x_wconf 90' lang='lat' dir='ltr'>Buti</span> <span class='ocrx_word' id='word_1_72' title='bbox 311 1175 359 1244; x_wconf 83' lang='lat' dir='ltr'>qui</span> <span class='ocrx_word' id='word_1_73' title='bbox 369 1174 549 1243; x_wconf 88' lang='lat' dir='ltr'>ednoabatur,</span> <span class='ocrx_word' id='word_1_74' title='bbox 560 1175 788 1245; x_wconf 85' lang='lat' dir='ltr'>prolioisoeretur</span> <span class='ocrx_word' id='word_1_75' title='bbox 798 1180 883 1244; x_wconf 75' lang='lat' dir='ltr'>atque</span> <span class='ocrx_word' id='word_1_76' title='bbox 896 1189 988 1232; x_wconf 80' lang='lat' dir='ltr'>aream</span> 
     </span>
     <span class='ocr_line' id='line_1_12' title="bbox 117 1259 987 1332; baseline -0.006 -14"><span class='ocrx_word' id='word_1_77' title='bbox 117 1262 309 1332; x_wconf 74' lang='lat' dir='ltr'>deposuisset,</span> <span class='ocrx_word' id='word_1_78' title='bbox 327 1260 456 1332; x_wconf 83' lang='lat' dir='ltr'><strong>Typhon,</strong></span> <span class='ocrx_word' id='word_1_79' title='bbox 477 1265 563 1317; x_wconf 88' lang='lat' dir='ltr'>nootn</span> <span class='ocrx_word' id='word_1_80' title='bbox 580 1260 629 1328; x_wconf 84' lang='lat' dir='ltr'>qui</span> <span class='ocrx_word' id='word_1_81' title='bbox 650 1265 800 1318; x_wconf 86' lang='lat' dir='ltr'>venaretur</span> <span class='ocrx_word' id='word_1_82' title='bbox 817 1259 883 1316; x_wconf 90' lang='lat' dir='ltr'>luna</span> <span class='ocrx_word' id='word_1_83' title='bbox 900 1260 987 1314; x_wconf 88' lang='lat' dir='ltr'>immi·</span> 
     </span>
     <span class='ocr_line' id='line_1_13' title="bbox 116 1344 988 1415; baseline -0.005 -13"><span class='ocrx_word' id='word_1_84' title='bbox 116 1353 212 1415; x_wconf 87' lang='lat' dir='ltr'>uento,</span> <span class='ocrx_word' id='word_1_85' title='bbox 239 1346 347 1402; x_wconf 88' lang='lat' dir='ltr'>inoedit</span> <span class='ocrx_word' id='word_1_86' title='bbox 373 1347 402 1402; x_wconf 90' lang='lat' dir='ltr'>in</span> <span class='ocrx_word' id='word_1_87' title='bbox 425 1361 516 1402; x_wconf 81' lang='lat' dir='ltr'>aream</span> <span class='ocrx_word' id='word_1_88' title='bbox 541 1350 571 1400; x_wconf 93' lang='lat' dir='ltr'>et</span> <span class='ocrx_word' id='word_1_89' title='bbox 588 1345 709 1400; x_wconf 85' lang='lat' dir='ltr'>oodaver</span> <span class='ocrx_word' id='word_1_90' title='bbox 725 1344 755 1400; x_wconf 90' lang='lat' dir='ltr'>in</span> <span class='ocrx_word' id='word_1_91' title='bbox 772 1360 834 1400; x_wconf 88' lang='lat' dir='ltr'>eam</span> <span class='ocrx_word' id='word_1_92' title='bbox 851 1344 988 1404; x_wconf 80' lang='lat' dir='ltr'>inolusum</span> 
     </span>
     <span class='ocr_line' id='line_1_14' title="bbox 116 1429 988 1502; baseline -0.005 -14"><span class='ocrx_word' id='word_1_93' title='bbox 116 1431 330 1501; x_wconf 82' lang='lat' dir='ltr'>quatuordeeim</span> <span class='ocrx_word' id='word_1_94' title='bbox 348 1431 378 1486; x_wconf 89' lang='lat' dir='ltr'>iu</span> <span class='ocrx_word' id='word_1_95' title='bbox 395 1436 491 1502; x_wconf 86' lang='lat' dir='ltr'>partes</span> <span class='ocrx_word' id='word_1_96' title='bbox 510 1430 646 1498; x_wconf 86' lang='lat' dir='ltr'>deseouit,</span> <span class='ocrx_word' id='word_1_97' title='bbox 663 1443 734 1499; x_wconf 77' lang='lat' dir='ltr'>quas</span> <span class='ocrx_word' id='word_1_98' title='bbox 745 1429 774 1484; x_wconf 88' lang='lat' dir='ltr'>ln</span> <span class='ocrx_word' id='word_1_99' title='bbox 786 1445 882 1486; x_wconf 88' lang='lat' dir='ltr'>omnes</span> <span class='ocrx_word' id='word_1_100' title='bbox 894 1429 988 1485; x_wconf 85' lang='lat' dir='ltr'>mundi</span> 
     </span>
     <span class='ocr_line' id='line_1_15' title="bbox 117 1513 989 1587; baseline -0.002 -15"><span class='ocrx_word' id='word_1_101' title='bbox 117 1517 250 1586; x_wconf 77' lang='lat' dir='ltr'>regiones</span> <span class='ocrx_word' id='word_1_102' title='bbox 259 1515 404 1587; x_wconf 88' lang='lat' dir='ltr'>dispersit.</span> <span class='ocrx_word' id='word_1_103' title='bbox 429 1515 511 1581; x_wconf 83' lang='lat' dir='ltr'>Quod</span> <span class='ocrx_word' id='word_1_104' title='bbox 521 1527 606 1584; x_wconf 86' lang='lat' dir='ltr'>quum</span> <span class='ocrx_word' id='word_1_105' title='bbox 617 1514 673 1571; x_wconf 90' lang='lat' dir='ltr'>lsis</span> <span class='ocrx_word' id='word_1_106' title='bbox 685 1513 850 1582; x_wconf 79' lang='lat' dir='ltr'>audivisset,</span> <span class='ocrx_word' id='word_1_107' title='bbox 862 1529 989 1584; x_wconf 88' lang='lat' dir='ltr'>papyreo</span> 
     </span>
     <span class='ocr_line' id='line_1_16' title="bbox 117 1597 987 1671; baseline 0.001 -17"><span class='ocrx_word' id='word_1_108' title='bbox 117 1599 210 1656; x_wconf 87' lang='lat' dir='ltr'>lembo</span> <span class='ocrx_word' id='word_1_109' title='bbox 228 1600 375 1670; x_wconf 82' lang='lat' dir='ltr'>navigans,</span> <span class='ocrx_word' id='word_1_110' title='bbox 386 1599 516 1671; x_wconf 78' lang='lat' dir='ltr'>profesta</span> <span class='ocrx_word' id='word_1_111' title='bbox 531 1607 577 1656; x_wconf 91' lang='lat' dir='ltr'>est</span> <span class='ocrx_word' id='word_1_112' title='bbox 594 1600 630 1657; x_wconf 86' lang='lat' dir='ltr'>ad</span> <span class='ocrx_word' id='word_1_113' title='bbox 642 1599 763 1656; x_wconf 76' lang='lat' dir='ltr'>disiecta</span> <span class='ocrx_word' id='word_1_114' title='bbox 775 1597 895 1656; x_wconf 85' lang='lat' dir='ltr'>Osiridis</span> <span class='ocrx_word' id='word_1_115' title='bbox 904 1613 987 1655; x_wconf 86' lang='lat' dir='ltr'>mem·</span> 
     </span>
     <span class='ocr_line' id='line_1_17' title="bbox 116 1684 988 1755; baseline -0.003 -14"><span class='ocrx_word' id='word_1_116' title='bbox 116 1685 168 1742; x_wconf 89' lang='lat' dir='ltr'>bra</span> <span class='ocrx_word' id='word_1_117' title='bbox 186 1685 355 1753; x_wconf 69' lang='lat' dir='ltr'>quaerenda,</span> <span class='ocrx_word' id='word_1_118' title='bbox 373 1698 445 1754; x_wconf 83' lang='lat' dir='ltr'>quae</span> <span class='ocrx_word' id='word_1_119' title='bbox 456 1684 621 1741; x_wconf 80' lang='lat' dir='ltr'>omniafere</span> <span class='ocrx_word' id='word_1_120' title='bbox 633 1684 863 1755; x_wconf 79' lang='lat' dir='ltr'>reperitprseter</span> <span class='ocrx_word' id='word_1_121' title='bbox 879 1699 988 1754; x_wconf 88' lang='lat' dir='ltr'>penem,</span> 
     </span>
     <span class='ocr_line' id='line_1_18' title="bbox 116 1768 987 1841; baseline -0.002 -15"><span class='ocrx_word' id='word_1_122' title='bbox 116 1783 200 1840; x_wconf 89' lang='lat' dir='ltr'>quem</span> <span class='ocrx_word' id='word_1_123' title='bbox 212 1769 337 1841; x_wconf 85' lang='lat' dir='ltr'>phagrus</span> <span class='ocrx_word' id='word_1_124' title='bbox 350 1775 381 1826; x_wconf 91' lang='lat' dir='ltr'>et</span> <span class='ocrx_word' id='word_1_125' title='bbox 396 1768 576 1840; x_wconf 87' lang='lat' dir='ltr'>oxyrynobus</span> <span class='ocrx_word' id='word_1_126' title='bbox 587 1770 682 1840; x_wconf 87' lang='lat' dir='ltr'>pisoes</span> <span class='ocrx_word' id='word_1_127' title='bbox 694 1768 909 1836; x_wconf 73' lang='lat' dir='ltr'>devoraverant,</span> <span class='ocrx_word' id='word_1_128' title='bbox 921 1781 987 1837; x_wconf 81' lang='lat' dir='ltr'>qua·</span> 
     </span>
     <span class='ocr_line' id='line_1_19' title="bbox 117 1852 988 1924; baseline 0.002 -15"><span class='ocrx_word' id='word_1_129' title='bbox 117 1855 242 1911; x_wconf 88' lang='lat' dir='ltr'>mobrem</span> <span class='ocrx_word' id='word_1_130' title='bbox 268 1853 320 1910; x_wconf 87' lang='lat' dir='ltr'>bos</span> <span class='ocrx_word' id='word_1_131' title='bbox 346 1854 441 1924; x_wconf 86' lang='lat' dir='ltr'>pisoes</span> <span class='ocrx_word' id='word_1_132' title='bbox 469 1854 608 1924; x_wconf 79' lang='lat' dir='ltr'>Aegyptii</span> <span class='ocrx_word' id='word_1_133' title='bbox 634 1870 702 1924; x_wconf 87' lang='lat' dir='ltr'>prae</span> <span class='ocrx_word' id='word_1_134' title='bbox 729 1852 794 1910; x_wconf 87' lang='lat' dir='ltr'>aliis</span> <span class='ocrx_word' id='word_1_135' title='bbox 821 1853 988 1910; x_wconf 76' lang='lat' dir='ltr'>animalibus</span> 
     </span>
     <span class='ocr_line' id='line_1_20' title="bbox 117 1937 987 1997; baseline -0.001 -3"><span class='ocrx_word' id='word_1_136' title='bbox 117 1944 308 1997; x_wconf 81' lang='lat' dir='ltr'>exseorantur.</span> <span class='ocrx_word' id='word_1_137' title='bbox 345 1937 403 1994; x_wconf 85' lang='lat' dir='ltr'>Sed</span> <span class='ocrx_word' id='word_1_138' title='bbox 429 1938 458 1994; x_wconf 93' lang='lat' dir='ltr'>in</span> <span class='ocrx_word' id='word_1_139' title='bbox 484 1939 580 1994; x_wconf 90' lang='lat' dir='ltr'>amissi</span> <span class='ocrx_word' id='word_1_140' title='bbox 606 1938 684 1996; x_wconf 89' lang='lat' dir='ltr'>illius</span> <span class='ocrx_word' id='word_1_141' title='bbox 707 1939 822 1996; x_wconf 83' lang='lat' dir='ltr'>membri</span> <span class='ocrx_word' id='word_1_142' title='bbox 847 1939 910 1996; x_wconf 81' lang='lat' dir='ltr'>loeo</span> <span class='ocrx_word' id='word_1_143' title='bbox 932 1939 987 1994; x_wconf 83' lang='lat' dir='ltr'>Isis</span> 
     </span>
     <span class='ocr_line' id='line_1_21' title="bbox 117 2022 987 2094; baseline 0 -16"><span class='ocrx_word' id='word_1_144' title='bbox 117 2022 241 2093; x_wconf 78' lang='lat' dir='ltr'>phallun</span> <span class='ocrx_word' id='word_1_145' title='bbox 263 2023 404 2092; x_wconf 76' lang='lat' dir='ltr'>formavit,</span> <span class='ocrx_word' id='word_1_146' title='bbox 426 2037 482 2092; x_wconf 87' lang='lat' dir='ltr'>qno</span> <span class='ocrx_word' id='word_1_147' title='bbox 505 2022 625 2094; x_wconf 84' lang='lat' dir='ltr'>posthae</span> <span class='ocrx_word' id='word_1_148' title='bbox 646 2023 787 2094; x_wconf 77' lang='lat' dir='ltr'>Aegyptii</span> <span class='ocrx_word' id='word_1_149' title='bbox 811 2039 922 2094; x_wconf 87' lang='lat' dir='ltr'>semper</span> <span class='ocrx_word' id='word_1_150' title='bbox 943 2023 987 2079; x_wconf 88' lang='lat' dir='ltr'>usi</span> 
     </span>
     <span class='ocr_line' id='line_1_22' title="bbox 117 2106 988 2166; baseline 0.002 -3"><span class='ocrx_word' id='word_1_151' title='bbox 117 2107 231 2164; x_wconf 88' lang='lat' dir='ltr'>suntin</span> <span class='ocrx_word' id='word_1_152' title='bbox 249 2106 332 2164; x_wconf 88' lang='lat' dir='ltr'>lestis</span> <span class='ocrx_word' id='word_1_153' title='bbox 350 2108 450 2164; x_wconf 87' lang='lat' dir='ltr'>diebus</span> <span class='ocrx_word' id='word_1_154' title='bbox 468 2108 654 2166; x_wconf 87' lang='lat' dir='ltr'>eelebrandis.</span> <span class='ocrx_word' id='word_1_155' title='bbox 690 2108 762 2164; x_wconf 74' lang='lat' dir='ltr'>&#39;lum</span> <span class='ocrx_word' id='word_1_156' title='bbox 779 2109 883 2166; x_wconf 84' lang='lat' dir='ltr'>dicitnr</span> <span class='ocrx_word' id='word_1_157' title='bbox 899 2108 988 2166; x_wconf 89' lang='lat' dir='ltr'>Osiris</span> 
     </span>
     <span class='ocr_line' id='line_1_23' title="bbox 117 2191 988 2263; baseline 0.002 -15"><span class='ocrx_word' id='word_1_158' title='bbox 117 2191 988 2263; x_wconf 84' lang='lat' dir='ltr'>Horofiliosxinierisexortnsotvisusesseillumquerogasse,</span> 
     </span>
     <span class='ocr_line' id='line_1_24' title="bbox 117 2275 986 2350; baseline 0.003 -17"><span class='ocrx_word' id='word_1_159' title='bbox 117 2277 248 2347; x_wconf 88' lang='lat' dir='ltr'>quidnam</span> <span class='ocrx_word' id='word_1_160' title='bbox 272 2276 488 2348; x_wconf 71' lang='lat' dir='ltr'>pulcherrimum</span> <span class='ocrx_word' id='word_1_161' title='bbox 509 2281 631 2348; x_wconf 78' lang='lat' dir='ltr'>putaret,</span> <span class='ocrx_word' id='word_1_162' title='bbox 655 2275 729 2333; x_wconf 88' lang='lat' dir='ltr'>iilius</span> <span class='ocrx_word' id='word_1_163' title='bbox 754 2283 848 2334; x_wconf 84' lang='lat' dir='ltr'>autem</span> <span class='ocrx_word' id='word_1_164' title='bbox 871 2294 986 2350; x_wconf 87' lang='lat' dir='ltr'>respon·</span> 
     </span>
     <span class='ocr_line' id='line_1_25' title="bbox 117 2361 986 2433; baseline 0.001 -14"><span class='ocrx_word' id='word_1_165' title='bbox 117 2364 195 2420; x_wconf 89' lang='lat' dir='ltr'>disse</span> <span class='ocrx_word' id='word_1_166' title='bbox 212 2361 315 2420; x_wconf 78' lang='lat' dir='ltr'>femur:</span> <span class='ocrx_word' id='word_1_167' title='bbox 335 2362 463 2433; x_wconf 87' lang='lat' dir='ltr'>,Patrem</span> <span class='ocrx_word' id='word_1_168' title='bbox 474 2370 504 2420; x_wconf 88' lang='lat' dir='ltr'>et</span> <span class='ocrx_word' id='word_1_169' title='bbox 513 2368 630 2420; x_wconf 85' lang='lat' dir='ltr'>matrem</span> <span class='ocrx_word' id='word_1_170' title='bbox 638 2361 741 2418; x_wconf 87' lang='lat' dir='ltr'>iniuria</span> <span class='ocrx_word' id='word_1_171' title='bbox 755 2362 849 2418; x_wconf 81' lang='lat' dir='ltr'>laesos</span> <span class='ocrx_word' id='word_1_172' title='bbox 860 2363 986 2420; x_wconf 86' lang='lat' dir='ltr'>nloisoi.¹‘</span> 
     </span>
     <span class='ocr_line' id='line_1_26' title="bbox 118 2447 988 2520; baseline 0.005 -16"><span class='ocrx_word' id='word_1_173' title='bbox 118 2447 225 2514; x_wconf 81' lang='lat' dir='ltr'>Quibus</span> <span class='ocrx_word' id='word_1_174' title='bbox 250 2448 336 2505; x_wconf 83' lang='lat' dir='ltr'>dietis</span> <span class='ocrx_word' id='word_1_175' title='bbox 359 2448 444 2506; x_wconf 89' lang='lat' dir='ltr'>valde</span> <span class='ocrx_word' id='word_1_176' title='bbox 468 2449 585 2520; x_wconf 86' lang='lat' dir='ltr'>gavisus</span> <span class='ocrx_word' id='word_1_177' title='bbox 604 2453 650 2504; x_wconf 88' lang='lat' dir='ltr'>est</span> <span class='ocrx_word' id='word_1_178' title='bbox 667 2447 772 2518; x_wconf 81' lang='lat' dir='ltr'>Osiris3</span> <span class='ocrx_word' id='word_1_179' title='bbox 801 2448 895 2506; x_wconf 85' lang='lat' dir='ltr'>llorns</span> <span class='ocrx_word' id='word_1_180' title='bbox 918 2468 988 2508; x_wconf 90' lang='lat' dir='ltr'>vero</span> 
     </span>
     <span class='ocr_line' id='line_1_27' title="bbox 117 2533 988 2604; baseline 0.005 -16"><span class='ocrx_word' id='word_1_181' title='bbox 117 2549 182 2590; x_wconf 82' lang='lat' dir='ltr'>mox</span> <span class='ocrx_word' id='word_1_182' title='bbox 209 2549 332 2604; x_wconf 88' lang='lat' dir='ltr'>pugnarn</span> <span class='ocrx_word' id='word_1_183' title='bbox 357 2533 435 2588; x_wconf 91' lang='lat' dir='ltr'>illam</span> <span class='ocrx_word' id='word_1_184' title='bbox 461 2534 635 2591; x_wconf 86' lang='lat' dir='ltr'>notissimam</span> <span class='ocrx_word' id='word_1_185' title='bbox 661 2537 692 2589; x_wconf 87' lang='lat' dir='ltr'>et</span> <span class='ocrx_word' id='word_1_186' title='bbox 719 2533 919 2590; x_wconf 76' lang='lat' dir='ltr'>dimicationem</span> <span class='ocrx_word' id='word_1_187' title='bbox 943 2542 988 2592; x_wconf 89' lang='lat' dir='ltr'>est</span> 
     </span>
     <span class='ocr_line' id='line_1_28' title="bbox 117 2617 987 2690; baseline 0.005 -18"><span class='ocrx_word' id='word_1_188' title='bbox 117 2619 262 2690; x_wconf 85' lang='lat' dir='ltr'>ingressus</span> <span class='ocrx_word' id='word_1_189' title='bbox 288 2619 319 2674; x_wconf 90' lang='lat' dir='ltr'>in</span> <span class='ocrx_word' id='word_1_190' title='bbox 345 2617 545 2690; x_wconf 87' lang='lat' dir='ltr'>Tbypbonem,</span> <span class='ocrx_word' id='word_1_191' title='bbox 571 2634 654 2689; x_wconf 87' lang='lat' dir='ltr'>quem</span> <span class='ocrx_word' id='word_1_192' title='bbox 681 2619 827 2690; x_wconf 87' lang='lat' dir='ltr'>superavit</span> <span class='ocrx_word' id='word_1_193' title='bbox 850 2625 881 2676; x_wconf 88' lang='lat' dir='ltr'>et</span> <span class='ocrx_word' id='word_1_194' title='bbox 903 2619 987 2690; x_wconf 88' lang='lat' dir='ltr'>plane</span> 
     </span>
     <span class='ocr_line' id='line_1_29' title="bbox 118 2704 988 2773; baseline -0.002 -11"><span class='ocrx_word' id='word_1_195' title='bbox 118 2705 233 2773; x_wconf 80' lang='lat' dir='ltr'>devicit,</span> <span class='ocrx_word' id='word_1_196' title='bbox 258 2709 289 2760; x_wconf 83' lang='lat' dir='ltr'>et</span> <span class='ocrx_word' id='word_1_197' title='bbox 309 2705 436 2762; x_wconf 86' lang='lat' dir='ltr'>vinetum</span> <span class='ocrx_word' id='word_1_198' title='bbox 458 2705 577 2764; x_wconf 73' lang='lat' dir='ltr'>noddo</span> <span class='ocrx_word' id='word_1_199' title='bbox 598 2720 660 2761; x_wconf 87' lang='lat' dir='ltr'>eum</span> <span class='ocrx_word' id='word_1_200' title='bbox 685 2704 755 2760; x_wconf 91' lang='lat' dir='ltr'>Isidi</span> <span class='ocrx_word' id='word_1_201' title='bbox 772 2704 864 2760; x_wconf 88' lang='lat' dir='ltr'>matri.</span> <span class='ocrx_word' id='word_1_202' title='bbox 900 2706 988 2771; x_wconf 82' lang='lat' dir='ltr'>Quem</span> 
     </span>
     <span class='ocr_line' id='line_1_30' title="bbox 118 2787 988 2858; baseline 0.002 -14"><span class='ocrx_word' id='word_1_203' title='bbox 118 2803 201 2858; x_wconf 89' lang='lat' dir='ltr'>quum</span> <span class='ocrx_word' id='word_1_204' title='bbox 230 2787 281 2842; x_wconf 86' lang='lat' dir='ltr'>illa</span> <span class='ocrx_word' id='word_1_205' title='bbox 306 2804 342 2844; x_wconf 85' lang='lat' dir='ltr'>ex</span> <span class='ocrx_word' id='word_1_206' title='bbox 369 2788 490 2846; x_wconf 85' lang='lat' dir='ltr'>vineolis</span> <span class='ocrx_word' id='word_1_207' title='bbox 516 2789 686 2856; x_wconf 85' lang='lat' dir='ltr'>dimitteret,</span> <span class='ocrx_word' id='word_1_208' title='bbox 715 2789 757 2844; x_wconf 91' lang='lat' dir='ltr'>ita</span> <span class='ocrx_word' id='word_1_209' title='bbox 782 2789 875 2846; x_wconf 83' lang='lat' dir='ltr'>llorus</span> <span class='ocrx_word' id='word_1_210' title='bbox 898 2789 988 2846; x_wconf 88' lang='lat' dir='ltr'>iratus</span> 
     </span>
     <span class='ocr_line' id='line_1_31' title="bbox 119 2872 988 2944; baseline 0.002 -16"><span class='ocrx_word' id='word_1_211' title='bbox 119 2873 206 2930; x_wconf 84' lang='lat' dir='ltr'>luisse</span> <span class='ocrx_word' id='word_1_212' title='bbox 220 2872 333 2942; x_wconf 81' lang='lat' dir='ltr'>dieitur,</span> <span class='ocrx_word' id='word_1_213' title='bbox 350 2879 383 2928; x_wconf 91' lang='lat' dir='ltr'>ut</span> <span class='ocrx_word' id='word_1_214' title='bbox 394 2873 457 2944; x_wconf 89' lang='lat' dir='ltr'>ipse</span> <span class='ocrx_word' id='word_1_215' title='bbox 470 2876 553 2932; x_wconf 87' lang='lat' dir='ltr'>matri</span> <span class='ocrx_word' id='word_1_216' title='bbox 564 2891 662 2930; x_wconf 87' lang='lat' dir='ltr'>manns</span> <span class='ocrx_word' id='word_1_217' title='bbox 674 2874 805 2930; x_wconf 82' lang='lat' dir='ltr'>iniicerot</span> <span class='ocrx_word' id='word_1_218' title='bbox 816 2880 847 2930; x_wconf 89' lang='lat' dir='ltr'>et</span> <span class='ocrx_word' id='word_1_219' title='bbox 857 2889 988 2932; x_wconf 85' lang='lat' dir='ltr'>eoronam</span> 
     </span>
     <span class='ocr_line' id='line_1_32' title="bbox 119 2957 987 3032; baseline 0.003 -19"><span class='ocrx_word' id='word_1_220' title='bbox 119 2972 153 3013; x_wconf 84' lang='lat' dir='ltr'>ex</span> <span class='ocrx_word' id='word_1_221' title='bbox 170 2957 265 3029; x_wconf 82' lang='lat' dir='ltr'>eapite</span> <span class='ocrx_word' id='word_1_222' title='bbox 284 2957 347 3014; x_wconf 88' lang='lat' dir='ltr'>eius</span> <span class='ocrx_word' id='word_1_223' title='bbox 364 2958 496 3029; x_wconf 78' lang='lat' dir='ltr'>eriperet</span> <span class='ocrx_word' id='word_1_224' title='bbox 533 2961 595 3028; x_wconf 79' lang='lat' dir='ltr'>Qua</span> <span class='ocrx_word' id='word_1_225' title='bbox 613 2976 644 3016; x_wconf 87' lang='lat' dir='ltr'>ro</span> <span class='ocrx_word' id='word_1_226' title='bbox 665 2959 803 3028; x_wconf 83' lang='lat' dir='ltr'>oonieota,</span> <span class='ocrx_word' id='word_1_227' title='bbox 821 2959 987 3032; x_wconf 66' lang='lat' dir='ltr'>lppbonem</span> 
     </span>
     <span class='ocr_line' id='line_1_33' title="bbox 119 3041 989 3117; baseline 0.009 -19"><span class='ocrx_word' id='word_1_228' title='bbox 119 3048 213 3100; x_wconf 78' lang='lat' dir='ltr'>umet</span> <span class='ocrx_word' id='word_1_229' title='bbox 230 3041 397 3099; x_wconf 80' lang='lat' dir='ltr'>Pluturubbs</span> <span class='ocrx_word' id='word_1_230' title='bbox 409 3043 515 3100; x_wconf 88' lang='lat' dir='ltr'>Horum</span> <span class='ocrx_word' id='word_1_231' title='bbox 531 3045 718 3115; x_wconf 84' lang='lat' dir='ltr'>aoousavisse,</span> <span class='ocrx_word' id='word_1_232' title='bbox 735 3046 815 3115; x_wconf 87' lang='lat' dir='ltr'>qrrasi</span> <span class='ocrx_word' id='word_1_233' title='bbox 828 3059 899 3117; x_wconf 83' lang='lat' dir='ltr'>puer</span> <span class='ocrx_word' id='word_1_234' title='bbox 910 3053 989 3106; x_wconf 81' lang='lat' dir='ltr'>esset</span> 
     </span>
     <span class='ocr_line' id='line_1_34' title="bbox 118 3127 987 3201; baseline 0.007 -17"><span class='ocrx_word' id='word_1_235' title='bbox 118 3127 276 3192; x_wconf 85' lang='lat' dir='ltr'>adulterino</span> <span class='ocrx_word' id='word_1_236' title='bbox 311 3127 449 3201; x_wconf 85' lang='lat' dir='ltr'>sanguiue</span> <span class='ocrx_word' id='word_1_237' title='bbox 483 3136 575 3194; x_wconf 83' lang='lat' dir='ltr'>natus.</span> <span class='ocrx_word' id='word_1_238' title='bbox 629 3130 719 3198; x_wconf 82' lang='lat' dir='ltr'>Quum</span> <span class='ocrx_word' id='word_1_239' title='bbox 753 3136 846 3196; x_wconf 65' lang='lat' dir='ltr'>armus</span> <span class='ocrx_word' id='word_1_240' title='bbox 881 3131 987 3190; x_wconf 83' lang='lat' dir='ltr'>ilerum</span> 
     </span>
    </p>
   </div>
   <div class='ocr_carea' id='block_1_4' title="bbox 0 0 1149 3760">
    <p class='ocr_par' dir='ltr' id='par_1_4' title="bbox 0 0 1149 3760">
     <span class='ocr_line' id='line_1_35' title="bbox 0 0 1149 3760; baseline 0 0"><span class='ocrx_word' id='word_1_241' title='bbox 0 0 1149 3760; x_wconf 95' lang='lat' dir='ltr'> </span> 
     </span>
    </p>
   </div>
  </div>
 </body>
</html>
