2278 3760
454 273 623 336 ...ιι..ὅ

106 437 197 489 αἰῶνα
220 439 300 489 torisa
325 435 356 490 or
379 440 514 504 γίνεσθαι
537 433 604 490 καθ’
621 437 807 511 εἱμαρμένην)
834 446 971 503 quomque
999 481 1004 492 .

105 535 140 574 ex
165 519 321 589 Aegyptiis
345 529 435 576 ortum
459 535 523 575 esse
544 525 627 590 putat
649 520 749 576 Celsus
774 518 862 588 (Orig.
882 523 970 573 oontr.

106 603 218 660 celsum
236 604 259 672 1,
277 605 341 672 ao),
359 611 416 660 tam
426 604 483 660 late
493 621 629 674 manasse,
646 611 680 660 ut
688 605 873 660 Romanorum
883 617 972 672 oeque

105 703 137 743 ao
147 681 324 746 Graecorum
334 680 512 759 philosophis
530 703 701 746 communem
716 689 804 746 fuisse
817 687 972 744 videamus.

105 773 203 842 ltaque
214 772 315 828 Cicero
327 773 427 838 (Aorsi.
441 775 465 842 ι,
477 769 621 842 37),’,ιοιιι
631 780 733 841 tamen,
746 764 794 840 ait,
813 772 972 843 aliquando,

104 863 135 912 ιιι
152 857 243 912 omnis
261 856 307 912 hio
319 858 437 914 mundus
449 860 549 915 ardore
561 850 714 928 renarrem
734 863 818 927 atque
832 858 890 912 alio
908 855 974 912 loeo

104 944 158 1008 (De
181 943 247 998 Nat.
272 943 357 1000 Deor.
383 941 421 998 11.
445 943 500 1012 te.)
528 941 592 1013 ,ita
617 942 737 1012 relinqui
763 940 833 997 nihil
859 945 974 1013 praeter

104 1027 208 1096 ignem,
223 1040 307 1095 ιιιιιιο
319 1043 427 1084 rursum
439 1029 588 1097 animante,
607 1043 639 1084 ao
651 1030 706 1084 deo
718 1029 865 1086 renovatio
877 1027 972 1082 mundi

103 1111 185 1166 fieret
203 1117 289 1180 atque
307 1112 381 1168 idem
399 1119 514 1169 ornatus
533 1107 679 1169 oriretur.“
716 1103 780 1168 Pari
792 1112 920 1169 modoL.
934 1105 971 1166 A.

102 1195 211 1252 Seneca
238 1197 314 1262 (Nat.
340 1205 449 1265 quaest.
477 1196 541 1266 111,
568 1199 624 1266 28.)
650 1197 736 1254 dixit.
764 1198 841 1266 ,Qua
862 1197 977 1254 ratione.

104 1281 217 1350 inquis?
235 1280 410 1350 Eodemque
424 1283 609 1364 conflagratio
621 1284 715 1340 futura
730 1288 783 1340 est.
819 1283 974 1362 Utrumque

104 1366 137 1421 ιιι
154 1383 218 1422 oum
235 1368 299 1422 Deo
316 1368 407 1425 visum
426 1369 513 1425 ordiri
530 1359 655 1437 meliora,
673 1375 773 1424 vetera
783 1368 867 1423 finiri.
890 1357 976 1438 Aqua

105 1449 160 1504 et
152 1450 229 1519 rgnis
246 1448 367 1508 terrenis
384 1449 570 1510 dominantur.
607 1455 651 1509 iix
668 1452 713 1509 his
731 1459 810 1510 ortus
828 1460 873 1510 est
890 1459 921 1510 et
938 1467 974 1509 ex

105 1531 149 1589 his
167 1533 301 1590 interitus
319 1541 372 1591 est.
408 1537 486 1608 Ergo
503 1538 671 1608 quandoque
680 1539 813 1610 plaouere
825 1555 871 1595 res
882 1553 974 1595 novae

105 1619 217 1686 mundo,
241 1619 282 1674 sie
300 1621 329 1676 in
347 1637 398 1678 nos
416 1639 492 1679 mare
516 1626 655 1682 emittitur
678 1628 807 1698 desuper,
831 1632 862 1682 ut
879 1625 975 1682 fervor

104 1702 180 1771 ignis
199 1719 260 1758 oum
278 1705 355 1761 aliud
373 1723 463 1776 genus
481 1709 563 1764 exitii
580 1712 713 1782 plaouit‘ss
740 1725 905 1789 quamquam
928 1711 974 1766 hio

104 1791 186 1842 autor
215 1788 265 1843 iiie
293 1805 349 1845 non
375 1797 432 1848 tarn
459 1794 494 1848 de
520 1798 616 1853 mundi
643 1799 732 1854 exitio
758 1799 818 1868 igni
844 1799 973 1868 perfeeto

103 1886 187 1940 quam
213 1875 309 1942 potius
338 1891 418 1946 aqua,
444 1880 532 1935 verba
560 1880 638 1938 feeit.
676 1883 713 1937 Et
740 1883 858 1938 Ovidius
888 1881 973 1939 etiam

103 1957 199 2021 (Ouid.
219 1959 287 2014 Met.
306 1960 418 2030 1,256.)
440 1959 543 2032 namet,
565 1962 672 2022 ideireo
690 1967 801 2047 Jovem,
818 1980 902 2037 quum
920 1967 974 2036 Ly·

104 2042 203 2096 ououis
221 2037 433 2115 oeterorumque
456 2045 597 2106 hominnm
615 2051 796 2122 improbitate
820 2057 897 2108 esset
920 2051 973 2106 ira·

102 2126 326 2212 tauritorium
323 2143 424 2214 neque
442 2131 524 2200 ignes
541 2135 651 2192 terris
642 2136 801 2204 rmmisisse,
819 2136 904 2206 quia

174 2213 258 2270 Esse
255 2227 376 2284 quoque
394 2217 423 2302 iu
441 2217 509 2274 fatis
527 2219 723 2287 reminiscitur,
747 2219 834 2275 affore
853 2226 974 2294 tompus,

173 2293 255 2364 Quo
253 2317 338 2370 mars,
355 2317 410 2372 qno
413 2291 523 2370 ',tellus
541 2309 726 2378 correptaque
744 2303 824 2373 regia
838 2303 916 2358 eoeli

106 2431 109 2439 .
172 2383 296 2444 suerat:
315 2392 346 2441 et
362 2388 458 2442 mundi
475 2385 564 2444 moles
582 2398 702 2458 operosa
719 2387 838 2443 laboret.

103 2466 252 2538 Temporis
273 2467 353 2526 illins
376 2472 479 2527 mendo
503 2474 642 2543 quondam
671 2457 766 2543 futuri,
797 2474 973 2543 gravissimis

102 2553 273 2608 mentionem
291 2553 361 2610 feeit
378 2556 473 2613 verbis
487 2558 634 2614 Lueretius
652 2559 706 2626 (De
716 2559 781 2614 Rer.
793 2559 856 2614 Nat.
868 2557 903 2626 V,
918 2560 972 2628 ee)

173 2636 235 2692 Una
251 2637 314 2694 dies
331 2639 411 2695 dabit
428 2641 532 2712 exitio,
549 2642 709 2714 multosque
727 2660 779 2714 per
796 2659 883 2699 annos

172 2721 343 2780 Sustentatu-
355 2732 419 2781 ruet
435 2727 525 2782 moles
543 2733 573 2782 et
590 2727 718 2782 maehina
734 2728 838 2785 mundi.

172 2807 232 2862 Neo
248 2823 292 2863 me
306 2811 390 2864 animi
402 2810 486 2880 saliit,
498 2825 580 2880 ιιιιιιιιι
593 2827 639 2867 res
648 2827 730 2881 nova,
742 2813 866 2882 miraque
884 2814 972 2869 menti

172 2892 301 2961 Aouidat,
320 2895 437 2950 exitium
454 2896 527 2952 eoeli
545 2901 693 2965 terraeque
714 2897 846 2956 futurum.

103 2976 214 3046 etipse
231 2979 404 3048 Propertius,
428 2979 613 3038 hilarissimus
637 2987 668 3036 et
689 2982 860 3040 laetissimus
876 2989 973 3054 poeta,

103 3061 255 3116 exitiosum
287 3063 365 3118 ilium
396 3069 439 3120 et·
458 3064 573 3122 fatalem
602 3068 677 3125 diem
699 3069 753 3126 hoo
775 3077 973 3158 commemorat

103 3162 188 3202 vorsu
208 3147 273 3216 (III,
290 3150 315 3216 5,
332 3150 388 3218 31.)

172 3228 234 3299 ,Sit
262 3237 382 3290 venturu
410 3236 486 3304 dies,
515 3239 610 3294 mundi
638 3252 710 3309 quae
737 3239 853 3296 subruat
882 3257 972 3300 eroes.
