2278 3760
209 1322 369 1393 Humanum
395 1323 485 1407 gemis
510 1341 603 1392 ntrnm
630 1353 686 1393 nno
713 1343 805 1394 ortum
832 1337 871 1393 sit
897 1344 1010 1396 anctore

139 1422 171 1472 et
180 1422 297 1486 parente
307 1431 534 1486 oommnnomqne
544 1413 674 1470 habuerit
682 1415 802 1484 patriam
811 1429 908 1482 neone,
921 1412 1011 1470 adhue

138 1509 186 1557 est
203 1508 288 1572 atque
306 1502 381 1558 omni
400 1506 461 1556 eret
478 1507 605 1571 tempore
618 1501 670 1556 snb
683 1499 775 1555 indioe
791 1500 835 1555 lis.
871 1499 1011 1570 Imprimis

139 1603 209 1642 voro
221 1586 332 1657 physici
343 1587 527 1656 gravissimae
536 1585 579 1640 illi
592 1585 751 1656 quaestioni
763 1584 911 1655 plurimum
923 1583 1011 1640 studii

139 1689 174 1727 oo
191 1673 326 1742 temporis
345 1672 510 1740 tribuerunt,
528 1672 639 1742 iamque
658 1671 728 1727 sotis
745 1676 842 1726 notum
858 1675 911 1738 est,
929 1685 1011 1740 qnsm

140 1758 272 1813 diversae
296 1757 354 1813 sint
376 1773 471 1813 eorum
494 1756 546 1812 hee
569 1758 605 1812 de
632 1773 662 1812 re
689 1755 848 1812 sententiae
873 1773 1010 1826 quamque

139 1843 344 1912 discrepantes.
381 1842 454 1896 Dum
478 1841 551 1896 enim
575 1841 624 1896 alii
646 1841 757 1896 omnino
781 1856 865 1895 unum
883 1845 1012 1896 statuunt

140 1928 229 1983 fnisse
247 1933 391 1997 parentem
410 1927 534 1982 universi
558 1926 669 1982 humani
694 1925 816 1996 generis,
840 1926 889 1980 alii
914 1932 1012 1981 eontra

140 2013 225 2068 aliter
236 2012 368 2080 indicant,
381 2011 556 2081 totidemque
568 2012 665 2066 dieunt
677 2009 765 2067 fnisse
775 2011 929 2080 genitores,
942 2017 1011 2081 quot

140 2113 214 2152 nuno
235 2097 292 2152 sint
314 2111 419 2165 genera
442 2093 596 2163 hominum,
626 2096 754 2166 quamvis
777 2095 828 2149 ills
850 2095 925 2150 inter
947 2110 1010 2150 sese

141 2187 263 2250 cognata
280 2197 312 2236 so
330 2180 466 2250 sangnine
484 2179 580 2234 innota
597 2196 660 2236 esse
684 2179 878 2235 confiteantur.
922 2180 1010 2236 Immo

141 2283 209 2322 vero
228 2267 312 2321 etiam
330 2263 456 2321 nonnulii
475 2265 588 2334 longius
605 2265 715 2335 delapsi
732 2271 804 2333 sunt,
823 2270 916 2334 atque,
935 2265 1011 2335 quod

141 2350 254 2420 quidem
266 2349 427 2421 superiores
440 2355 647 2417 concesserunt,
660 2355 782 2419 cognato
794 2365 857 2404 esse
870 2348 1011 2404 hominnm

137 2451 245 2504 genera
262 2439 446 2504 negaverunt,
469 2433 554 2488 alium
577 2435 712 2504 populnm
735 2435 769 2490 nb
794 2434 850 2489 alio
868 2435 1010 2490 diversum

141 2534 231 2588 neque
249 2519 308 2574 ullo
326 2517 471 2586 sanguinis
495 2523 580 2587 atque
604 2517 782 2586 cognationis
800 2517 913 2574 vinculo
937 2519 1012 2573 inter

142 2619 171 2658 se
185 2603 362 2658 ooninnotnm
375 2615 438 2658 esse
450 2601 608 2671 opinantes.
636 2601 801 2672 Complures
813 2599 925 2672 physici
938 2601 1010 2658 adeo

142 2687 237 2756 vagati
255 2691 321 2741 sunt
342 2689 428 2755 atque
446 2685 651 2740 oberraverunt
673 2686 843 2742 oonieotnris
862 2687 1010 2743 temerarie

142 2771 283 2839 isotisint
300 2786 356 2824 non
374 2769 463 2826 solnm
482 2770 596 2825 diversa
608 2769 748 2826 hominum
766 2788 872 2841 genera
889 2779 1011 2842 eognsta

141 2872 203 2912 esse
234 2855 418 2922 declararent,
447 2871 545 2910 verum
571 2855 656 2910 etiarn
687 2873 783 2913 omnes
813 2857 1009 2914 existimarent

140 2941 266 2998 homines
295 2957 351 2995 nnn
372 2956 408 2995 ex
429 2941 539 3010 origine
554 2943 643 2996 “ortos
667 2957 730 2998 esse
754 2958 809 2997 uno
827 2957 888 2996 oum
906 2942 1010 2998 oetoris

142 3041 211 3096 quae
230 3029 296 3079 sunt
312 3025 341 3078 in
359 3029 495 3080 terrarum
512 3025 580 3080 orbe
598 3025 737 3080 animalis.

207 3109 246 3163 II.
276 3108 452 3164 Sententiam
478 3109 563 3178 illam,
593 3125 665 3180 quoe
698 3116 764 3166 onte
795 3117 1010 3168 commemorata

142 3199 185 3257 est
201 3194 237 3254 de
255 3193 434 3266 cognatione,
453 3195 515 3252 sive
533 3225 566 3236 —-
583 3201 616 3251 ut
633 3196 675 3253 ita
692 3195 782 3256 oiean
800 3227 833 3240 -
851 3197 887 3256 de
905 3213 961 3256 une
976 3211 1010 3258 ao
