2278 3760
488 249 655 304 ..⁶25-

130 407 339 456 onranrontum.
359 409 416 456 turn
436 402 582 470 egregiam
601 419 633 455 ac
645 401 771 456 divinum
783 401 852 456 illud
865 403 900 456 de
914 417 1007 456 amore

131 487 162 538 in
182 503 281 541 omncs
298 485 424 542 homines
441 505 457 542 a
474 487 556 541 nobis
574 486 693 541 colendo
706 487 837 552 (Levitic.
852 489 893 540 19.
906 487 961 554 34.)
974 517 1007 526 -

131 571 262 639 itemque
286 571 379 641 legem
403 589 647 626 commemoramus
670 573 705 626 de
729 570 914 626 lrunrantitatc
940 587 1009 639 erga

132 656 304 724 peregrinos
331 657 423 711 datam
447 687 481 696 -
504 673 599 712 eorum
622 671 712 726 acqua
738 658 807 712 iuris
836 656 1008 722 distributio,

132 747 196 794 tarn
214 741 302 795 multa
320 741 370 795 illa
388 742 527 810 instituta,
553 742 700 810 inquibus
719 748 823 810 quanta
842 742 959 796 lenitate
979 746 1008 794 et

132 825 288 879 clementia
305 826 434 880 dominus
453 843 552 882 servos
570 826 680 893 babeat,
705 844 754 881 rex
779 827 856 881 cives
878 826 1008 896 accipiat,

132 910 341 979 praescriptum
360 917 414 965 est.
451 910 556 966 Verum
575 913 650 980 quod
667 919 882 982 praeceptorum
896 911 1008 966 illorum

133 995 226 1049 sacris
244 995 271 1048 in
291 995 381 1050 literis
399 997 481 1051 nobis
499 998 708 1066 propositorum
733 999 830 1052 summi
856 1003 900 1052 est
923 996 1008 1052 aesti-

132 1081 274 1147 mandum,
304 1081 333 1134 in
359 1088 514 1150 praecepto
541 1089 570 1136 et
597 1082 738 1136 sententia
764 1082 906 1149 videmus,
936 1096 1009 1150 qrrae

134 1167 266 1220 omnibus
291 1167 395 1221 docent
412 1168 525 1236 pugnis,
549 1167 675 1221 cladibus
694 1173 723 1220 et
746 1167 874 1222 victoriis
895 1168 1009 1232 nostris,

133 1253 203 1306 dum
220 1251 357 1319 vivamus,
377 1258 482 1306 eertum
509 1252 685 1321 suppositum
709 1267 772 1306 esse
795 1252 950 1320 consilium,
974 1269 1008 1306 ex

81 1331 85 1338 ’
134 1352 194 1404 qrro
213 1341 303 1390 totum
322 1335 469 1391 burnanmn
488 1353 577 1405 genus
594 1350 722 1405 quaeque
741 1337 823 1391 nobis
846 1337 1008 1403 acciderint,

135 1427 261 1490 regatur,
280 1421 670 1489 idconsilinm,quodon1nia
689 1422 725 1476 ad
743 1439 908 1492 prosperum
925 1422 1010 1476 ducat

136 1512 271 1561 eventum
299 1507 443 1575 exitioque
472 1507 582 1576 eripiat,
619 1507 787 1562 sententiam
817 1508 881 1562 dico
913 1507 1009 1562 solatii

135 1592 249 1662 plenam
274 1593 309 1646 de
328 1592 505 1661 redemptore
533 1593 672 1660 quondam
696 1599 726 1646 et
749 1593 853 1647 Messia
879 1599 1007 1647 venturo.

135 1679 226 1744 Quam
245 1679 281 1732 de
299 1678 441 1733 salvatore
461 1679 629 1747 opinionem,
648 1691 812 1746 quamquam
825 1679 900 1747 apud
913 1693 1009 1732 omncs

111 1763 197 1817 'fere
221 1763 342 1832 populos
367 1763 532 1832 invenimus,
560 1771 653 1818 tamen
681 1771 726 1819 est
752 1770 808 1818 tam
833 1764 951 1820 obscura
980 1769 1010 1817 et

135 1849 218 1917 quasi
237 1849 362 1904 tenebris
380 1849 557 1914 circumibsa,
571 1855 611 1917 ut,
634 1850 724 1918 magis
748 1865 814 1904 casu
833 1865 865 1903 ac
882 1848 1009 1912 fortuito,

135 1947 220 2001 quam
240 1949 276 1987 ex
294 1933 391 1994 (livino
414 1935 534 2001 quodam
560 1940 590 1988 ot
612 1940 695 1989 certo
715 1935 833 1990 consilio
860 1935 936 1989 salus
960 1934 1010 1988 illa

135 2019 258 2073 humano
276 2018 373 2087 generi
392 2018 530 2085 quondam
545 2025 664 2073 ventura
675 2019 814 2075 videatur.
851 2021 923 2074 Dum
936 2019 1010 2074 enim

135 2105 210 2162 sacri
229 2103 293 2158 libri
311 2104 518 2172 providentiam
534 2104 589 2158 Dei
608 2106 810 2175 omnipotentis
828 2122 879 2160 nos
898 2107 1009 2170 docent,

135 2191 204 2246 illos
222 2190 343 2260 populos
362 2207 378 2244 a
396 2190 456 2244 lato
474 2191 595 2258 quodam
613 2189 675 2244 diro
694 2207 726 2244 ac
744 2191 838 2258 dubio,
863 2191 942 2247 cuius
967 2207 1007 2244 ar-

135 2276 224 2332 bitrio
237 2275 409 2330 immortales
422 2275 477 2344 ipsi
491 2275 611 2330 subiecti
628 2275 693 2341 sint,
706 2275 798 2329 omnia
811 2276 880 2344 regi,
892 2282 1009 2346 putasse

134 2361 213 2416 hand
231 2361 400 2428 ignoramus.
439 2360 617 2430 Quapropter
634 2360 762 2414 doctrina
780 2374 890 2428 quoque
904 2362 939 2416 de
953 2377 1009 2416 ser·

136 2450 237 2501 vatore
255 2443 313 2511 illo,
337 2458 421 2512 quum
439 2444 503 2499 libri
522 2445 593 2500 sacri
612 2459 674 2498 eam
691 2445 772 2499 nobis
791 2443 944 2500 exhibeant
961 2462 1007 2500 ne-

136 2529 289 2585 cessariam
303 2545 397 2583 earum
410 2545 509 2597 rerum,
527 2543 599 2597 quac
613 2531 825 2597 antecesserint,
838 2545 1008 2599 consequen-

135 2616 206 2670 tiam
234 2631 251 2668 a
277 2615 340 2668 Deo
368 2614 558 2682 constitutam,
588 2616 663 2684 apud
689 2615 762 2683 illos,
791 2629 861 2684 quos
888 2617 1009 2672 diximus

134 2699 259 2770 populos
283 2715 338 2754 non
364 2706 478 2767 tantam,
506 2706 637 2768 quantam
661 2701 690 2754 in
712 2701 798 2755 sacris
822 2701 901 2757 libris
924 2701 1010 2758 habet

136 2784 319 2854 gravitatem,
338 2783 428 2852 neque
448 2800 498 2838 eae
517 2799 589 2853 quac
608 2784 660 2840 hac
677 2786 713 2839 de
726 2801 755 2840 re
770 2791 835 2841 saint
844 2788 1010 2857 populorum

136 2869 251 2926 tabulae
279 2869 320 2923 ita
342 2875 406 2924 sunt
437 2872 661 2926 accommodatae
688 2888 719 2924 ac
746 2888 835 2926 nexae
863 2880 940 2928 certo
967 2874 1009 2927 illi

135 2954 293 3012 tabularum
313 2953 412 3021 ordini,
438 2955 515 3008 utin
535 2955 626 3010 literis
645 2957 759 3011 sanctis.
797 2957 904 3022 Quodsi
922 2959 1010 3026 igitur

135 3047 245 3094 certum
274 3039 400 3093 ordinem
427 3039 590 3108 tabularum,
617 3053 688 3107 quae
715 3041 781 3094 inde
808 3042 844 3096 ab
869 3040 1008 3097 bominum

136 3125 248 3194 origine
272 3139 361 3191 usquc
390 3125 426 3178 ad
452 3140 547 3179 eorum
575 3124 797 3192 redemptionem
822 3127 1009 3194 porrigantur,

52 3273 58 3282 ,
137 3208 257 3277 scrutari
269 3208 386 3271 velimus
400 3209 434 3264 ad
449 3225 618 3270 communem
629 3207 738 3264 humani
749 3210 862 3280 generis
871 3210 1007 3280 originem
