2278 3760
467 221 637 280 ..13-

105 390 177 436 esse
207 375 366 436 videantur.
417 377 539 446 Quorum
571 380 684 449 quidem
713 377 800 437 Indos
826 385 857 437 et
882 378 984 440 Persas

106 465 199 520 etiam
216 472 284 534 post
301 465 456 522 discessum
474 481 510 520 ex
528 467 665 521 communi
683 467 776 537 patria
792 481 844 537 per
870 467 984 537 longum

106 555 225 620 tempus
241 550 318 605 iuter
334 567 366 606 se
384 551 495 608 iunctos
513 551 602 607 inisse
619 557 732 608 constat
748 550 793 608 his
811 551 847 606 de
865 553 982 608 caussis.

107 634 217 690 Notum
235 635 309 690 enim
327 639 380 706 est,
398 642 457 692 tres
475 636 540 692 illes
557 637 687 706 antiquas
699 637 828 692 Persicas
845 636 984 693 dialectos

108 718 257 776 literarum
275 725 463 789 surrecturum,
488 721 628 777 secundae
647 722 761 791 Yapnae
784 723 875 792 partis
897 726 984 790 atque

108 810 269 860 ceterarum
282 805 409 862 Acestae
421 807 551 876 partium,
565 805 725 862 Sanscritae
738 805 861 876 linguae,
873 806 984 877 qualem

108 890 297 959 cognovimus
315 891 344 945 in
362 891 450 947 sacris
467 891 599 946 ludorum
623 891 711 959 libris,
734 895 792 946 taen
808 909 892 962 pares
911 907 983 962 esse,

107 981 144 1030 ut
167 974 246 1030 illius
271 975 356 1030 modo
383 975 497 1045 linguae
523 975 639 1030 dialecti
665 975 723 1032 dici
749 978 869 1046 possint.
905 980 983 1032 Ante

110 1059 208 1115 omnia
224 1075 349 1116 vero-
373 1060 458 1130 idque
475 1061 627 1131 praecipue
652 1067 697 1118 est
720 1062 925 1118 observandum
949 1093 983 1102 -

111 1151 143 1200 et
161 1144 248 1201 ludos
266 1151 296 1200 et
313 1145 418 1202 Persas
433 1147 545 1201 nomine
563 1146 659 1217 Aryae
683 1146 822 1217 appellari
846 1146 920 1204 haud
940 1149 982 1216 ig·
1062 1153 1070 1160 '

109 1245 252 1286 noramus.
294 1229 359 1286 Vox
383 1247 468 1302 aryae
492 1237 585 1288 autem
609 1233 684 1304 apud
707 1234 808 1290 Persas
832 1234 983 1289 secundum

110 1331 208 1371 eorum
232 1317 376 1374 literarum
398 1319 538 1376 vocalium
558 1318 828 1388 pronuntiationem,
853 1319 881 1373 in
904 1319 984 1390 airya

109 1403 246 1457 mutanda
263 1409 333 1472 erat,
356 1419 412 1474 quo
430 1404 542 1475 quidem
566 1404 678 1459 nomine
696 1405 800 1459 Persae
823 1404 982 1461 iamdudum

111 1486 250 1556 appellati
268 1495 342 1558 sunt,
360 1489 436 1559 quod
453 1491 509 1545 iam
520 1489 683 1544 Herodotus
696 1487 773 1554 (Vll.
786 1488 841 1556 62.)
853 1497 981 1546 noverat.

181 1571 233 1626 Vl.
270 1567 348 1638 Quae
367 1589 467 1628 caussa
490 1571 683 1642 aphilologia
707 1572 789 1628 nobis
811 1572 895 1628 datae
918 1590 982 1630 con·

110 1653 238 1710 firmatae
255 1655 433 1727 mythologie
451 1657 645 1727 comparativa
664 1661 749 1725 atque
767 1658 891 1713 munitae
909 1665 983 1728 sunt,

111 1740 157 1794 cui
175 1741 343 1812 contigerat,
364 1749 397 1799 ut
413 1759 562 1800 numerum,
574 1741 712 1812 quendam
737 1738 853 1796 heroum
875 1758 936 1798 oum
954 1743 983 1798 in

112 1825 203 1883 Vedis
220 1833 279 1882 tum
297 1829 326 1883 in
344 1829 455 1887 Avesta
471 1830 555 1901 plane
567 1827 699 1885 similium
717 1825 866 1897 inveniret,
887 1843 982 1898 quam·

111 1929 194 1982 quam
218 1921 348 1970 accurata
369 1933 465 1972 eorum
486 1916 611 1985 vestigia
634 1929 667 1970 ac
692 1913 799 1982 figurae
822 1913 982 1970 labentibus

112 1998 193 2054 annis
215 1999 357 2056 exstincta
378 2005 444 2056 sunt
467 2006 497 2055 et
526 1999 661 2056 extremis
687 1998 771 2054 modo
796 1999 982 2067 lineamentis,

112 2100 185 2154 qnae
206 2089 301 2140 tamen
322 2089 436 2140 servata
457 2090 535 2152 sunt,
557 2085 674 2155 agnosci
695 2090 823 2155 possunt.
860 2085 982 2151 Quorum

113 2169 299 2224 semidoctum
316 2169 422 2239 primus
444 2173 489 2224 est
506 2168 638 2224 Indorum
656 2170 746 2226 Yama
768 2170 898 2240 idemque
916 2173 982 2226 Per·

112 2271 204 2312 aarum
222 2255 305 2310 Yima
322 2254 369 2322 (ci.
388 2255 469 2325 Bopp
488 2255 524 2310 ad
536 2255 599 2311 Nal.
618 2273 646 2326 p.
659 2256 730 2324 203).
766 2255 800 2310 ln
811 2254 901 2312 Vedis
919 2256 982 2311 des-

113 2341 230 2397 cribitur
242 2341 332 2396 Yams
343 2340 495 2396 inferorum
507 2345 647 2409 umquam
661 2355 719 2408 rex,
737 2339 785 2408 qui
798 2339 827 2394 in
845 2340 981 2410 singulari

113 2427 233 2496 quodam
256 2425 387 2484 habitans
408 2427 511 2482 mundo
534 2422 707 2480 immortales
729 2423 832 2478 circum
860 2440 891 2479 se
916 2440 979 2480 con-

113 2519 227 2583 gregum
255 2513 318 2567 loca
343 2511 424 2581 regni
447 2511 490 2566 sui
517 2527 574 2566 uon
599 2509 717 2566 terroris
743 2507 790 2564 vel
813 2508 905 2565 luctus
931 2511 983 2568 sed

114 2599 209 2668 gaudii
231 2613 265 2654 ac
287 2597 415 2654 laetitiae
441 2597 528 2667 plena
553 2601 619 2652 sunt
644 2594 713 2662 (rid.
738 2593 813 2650 Roth
837 2593 980 2651 Abhandl.

77 2695 79 2700 ·
115 2684 182 2739 liber
199 2684 283 2738 Yima
299 2681 442 2739 Zeitschr:
454 2683 482 2737 d
501 2683 537 2736 D.
556 2683 593 2737 Μ.
613 2679 770 2738 Gesollsch.
789 2680 840 2736 IV.
860 2698 889 2750 p.
909 2681 980 2750 426).

114 2767 146 2822 In
158 2767 339 2823 IraniaYima
350 2765 421 2822 felin
433 2772 478 2822 est
490 2781 548 2836 rex,
560 2783 616 2838 quo
627 2772 764 2836 regnante
774 2782 864 2837 neque
877 2767 978 2823 acerba

114 2867 194 2920 mors,
211 2865 304 2920 neque
322 2865 425 2920 graves
443 2850 532 2906 morbi
549 2867 601 2921 per
618 2857 711 2906 terras
729 2858 877 2921 vagantur.
900 2853 980 2907 Post-

115 2953 194 3007 qnam
221 2936 270 2992 diu
296 2935 445 2991 felicitatis
477 2940 562 3006 atque
594 2936 816 2992 immortalitatis
846 2937 981 3006 homines,

114 3023 266 3094 participes
290 3021 367 3092 fecit,
392 3021 534 3078 suiacum
557 3021 706 3079 comitibus
730 3022 866 3078 alioruin
890 3021 981 3077 locum

114 3125 144 3164 se
169 3107 296 3177 recipere
323 3105 443 3176 cogitur,
478 3107 545 3177 quia
578 3106 717 3176 pestifera
749 3105 823 3162 mala
851 3107 981 3161 mundum

11 3247 16 3268 ‚
115 3199 250 3266 premunt.
275 3193 360 3250 Alter
372 3193 457 3252 heros
472 3211 528 3251 non
542 3192 632 3248 minus
646 3191 738 3250 clarus
747 3198 792 3248 est
803 3191 981 3248 Thraetaono
