2278 3760
458 239 720 301 -100-.'

186 398 262 452 Mein
279 413 378 454 nasses
395 397 554 453 Kleidohen
572 398 730 454 troelrnen?

187 480 242 535 Wo
260 495 292 535 es
310 480 339 534 in
357 481 407 536 der
424 479 493 536 Luft
512 481 850 540 auseinanderbreiten?“

188 562 227 634 „0
246 563 377 632 Toehter‚
395 565 460 619 dort
477 565 515 619 im
533 565 648 636 Garten,

186 648 242 702 Wo
259 663 333 703 neun
351 649 401 703 der
418 649 513 704 Rosen
531 650 645 706 bliihn.“

187 731 295 799 „Wann
313 733 407 788 werde
425 731 479 802 ioh,
498 732 573 790 liobe
591 735 705 802 Mutter,

186 815 262 870 Mein
279 815 437 872 Kleidohen
453 833 500 872 um
517 816 590 872 mich
607 817 726 872 nehmen

187 898 250 954 Und
268 899 319 955 das
336 901 421 957 weiss
439 902 599 970 geroinigte
618 901 744 957 Gewand
762 899 899 970 magnum

187 984 227 1052 „0
249 984 386 1054 Toehter,
413 993 472 1042 erst
499 1004 535 1042 an
558 987 622 1040 dem
645 985 738 1054 Tago,
765 1001 810 1040 wo
840 999 914 1038 neun
939 984 992 1038 der

631 1070 744 1126 Sonnen
761 1069 920 1126 leuehton.“

118 1183 218 1252 Itaque
236 1185 290 1240 hoo
307 1187 428 1242 carmine
446 1187 508 1243 dies
525 1189 752 1258 praenuntiatur,
771 1205 827 1259 quo
846 1187 990 1258 quondam

118 1285 219 1325 novem
237 1271 382 1327 lustraturi
401 1273 458 1328 sint
475 1273 566 1342 soles3
584 1289 657 1343 quae
674 1273 770 1329 fabula
784 1273 844 1328 fere
858 1271 992 1341 congruit

118 1368 180 1406 oum
206 1353 256 1409 illa
283 1354 482 1411 Germanorum
508 1356 617 1426 fabula,
649 1375 685 1414 ex
710 1373 767 1428 qua
798 1362 865 1426 post
893 1355 991 1409 mundi

118 1436 236 1491 exitium
255 1455 345 1494 novus
364 1456 476 1509 quoque
495 1450 677 1512 exspectatur
695 1444 747 1500 sol.
785 1444 845 1497 Hae
863 1459 924 1497 oum
942 1442 990 1496 Li·

58 1519 62 1528 '
117 1521 284 1578 thuanorum
308 1525 404 1580 fabula
425 1542 491 1595 spes
515 1543 611 1582 eorum
641 1529 790 1584 ooniuneta
817 1532 874 1594 est,
905 1526 991 1581 deum

118 1607 256 1676 quendum
279 1608 369 1664 adhuo
392 1611 518 1680 ignotum
542 1629 648 1668 summo
672 1613 700 1666 in
723 1617 819 1668 monte
843 1611 910 1666 oiim
927 1611 990 1664 uni-

118 1707 229 1748 versum
239 1692 386 1749 humanum
393 1711 482 1766 genus
493 1713 527 1751 ex
538 1697 675 1767 sepulcris
683 1701 864 1752 evocaturum
874 1709 948 1749 esse.
955 1725 990 1732 —

118 1777 171 1832 His
194 1793 262 1834 vero
286 1779 321 1834 de
345 1782 439 1836 mundi
461 1781 550 1836 exitio
579 1787 609 1836 et
636 1781 817 1837 restitutione
841 1779 991 1834 Slavorum

119 1860 222 1916 fabulis
235 1863 428 1934 adjungendas
442 1865 527 1921 etiam
543 1867 701 1922 Fennorum
714 1872 744 1921 et
756 1864 920 1920 Aestiorum
937 1861 991 1918 hae

118 1946 154 1999 de
172 1961 203 2000 re
220 1946 374 2003 relationes
392 1949 500 2019 opinor.
541 1949 612 2004 Nam
624 1949 782 2004 Fennorum
797 1948 868 2002 illud
878 1963 990 2016 poema,

118 2029 264 2086 Kalewala
287 2032 362 2100 quod
385 2039 429 2088 est
452 2033 616 2104 inscriptum
639 2035 759 2100 (Kalew.
784 2033 877 2088 iibers.
903 2050 930 2088 v.
951 2033 988 2085 A.

118 2111 266 2168 Sohiefner
283 2114 354 2169 Run.
373 2118 415 2172 50.
434 2135 462 2171 v.
481 2115 553 2185 490.)
571 2123 674 2186 narrat,
691 2123 841 2187 postquam
855 2117 991 2170 Mariatta

117 2196 200 2266 virgo
217 2198 363 2267 puerulum
380 2205 464 2269 partu
482 2200 585 2269 edidit,
604 2207 634 2256 et
651 2201 700 2254 ille
723 2217 773 2254 rex
791 2199 919 2254 Carialae
944 2204 991 2253 est

117 2286 236 2350 oreatus,
248 2282 395 2351 pristinum
407 2284 563 2353 prinoipem
574 2283 829 2351 Waeinaemoeinen‚
845 2282 989 2352 cuprinam

116 2373 217 2420 navem
227 2365 391 2434 ingressum,
410 2368 446 2421 ad
454 2365 590 2421 'ultimum
603 2366 679 2423 orbis
691 2372 827 2421 terrarum
838 2367 989 2420 terminum

117 2461 148 2502 so
167 2449 329 2517 contulisse,
346 2448 400 2504 hoe
418 2450 500 2505 modo
519 2455 678 2506 canentem:

220 2584 291 2640 Lass
309 2585 355 2640 die
373 2584 448 2642 liebe
467 2585 529 2640 Zeit
546 2602 598 2639 nur
615 2583 764 2654 hingehen,

219 2670 298 2738 Tage
315 2669 391 2738 gehn
407 2670 465 2724 und
483 2670 561 2739 Tage
580 2670 718 2736 hominen,

219 2754 283 2808 Man
300 2753 371 2809 wird
389 2755 495 2810 meiner
512 2753 599 2810 sehon
616 2753 762 2822 badinton,

219 2836 296 2892 Naoh
313 2837 366 2891 mir
383 2837 513 2907 sehauen,
531 2838 602 2893 naoh
619 2839 671 2892 mir
688 2837 811 2906 bliokeu,

219 2921 293 2976 Dass
310 2921 355 2975 ioh
373 2938 428 2976 neu
445 2923 500 2977 den
519 2921 621 2993 Sampo
640 2921 754 2990 sohaffe,

218 3005 292 3060 Dass
310 3004 356 3059 ioh
372 3021 428 3060 neu
446 3007 496 3062 das
515 3005 594 3075 Spiel
613 3006 745 3075 beginne,

220 3087 282 3143 Neu
299 3088 354 3143 den
371 3089 457 3144 Mond
476 3105 538 3143 uum
556 3089 677 3143 Himrnel
695 3089 785 3157 fiihre,

221 3171 286 3226 Frei
304 3172 350 3227 die
368 3186 440 3226 neue
459 3170 553 3226 Sonne
569 3171 675 3241 muohe,
