2278 3760
486 218 639 274 ...9-

120 375 271 428 mutantes
301 375 331 426 et
356 385 408 441 pro
437 371 553 428 vivendi
584 369 720 428 facultate
750 369 916 426 dimicantes
948 368 996 434 (im

121 455 237 526 Kampf
243 455 312 512 um's
321 456 563 526 Domine—qnae
573 455 686 526 quidem
694 453 997 524 dimicandiouplditas

122 558 269 612 nunquam
287 541 316 596 in
334 541 464 596 animatis
481 541 565 597 rebus
583 540 697 598 finiatur
713 539 761 596 vel
778 538 943 595 terminetur
962 568 996 578 -

122 628 228 697 vigere
246 631 277 682 et
294 625 431 694 laborare,
449 625 577 696 huncque
594 626 623 681 in
635 626 746 682 modum
757 629 896 695 perpetuo
908 640 997 680 novas

125 729 165 770 ex
185 711 310 782 antiquis
327 711 408 781 gigni
427 709 529 768 formas
547 717 664 781 propter
681 709 843 767 mutabilem
860 707 937 764 illam
955 707 996 764 vi-

123 796 216 854 vendi
237 796 383 852 rationem.
419 796 463 850 Ex
483 796 570 852 variis
588 813 657 854 vero
674 796 788 866 generis
811 793 997 850 varietatibus

123 881 242 953 species
259 896 341 952 ,quae
358 887 495 938 vocentur
504 881 580 950 oriri,
598 897 671 952 quae
685 881 796 936 infinita
813 879 997 936 similitudine

125 973 216 1037 atque
234 966 407 1036 aequalitate
431 967 505 1022 inter
528 982 559 1022 se
578 966 743 1022 coniunctae
767 966 838 1022 sint:
871 963 997 1034 singulas

126 1052 234 1108 formas
256 1051 298 1106 ita
320 1051 409 1121 gigni,
433 1068 522 1108 novas
545 1051 616 1107 alius
640 1051 726 1106 nasci.
771 1051 906 1106 Mutatam
928 1065 997 1104 voro

126 1137 249 1194 vivendi
283 1136 420 1194 rationem
453 1136 713 1206 conditionemque,
753 1151 805 1190 sua
838 1139 939 1205 sponte
972 1134 997 1188 si

126 1221 269 1278 acceserit
289 1237 380 1291 neque
401 1221 461 1276 ullo
485 1220 596 1277 homine
620 1225 749 1290 cogente,
773 1220 908 1290 singulas,
935 1234 996 1274 cum

127 1313 263 1366 externas
287 1311 345 1361 tum
369 1307 493 1362 internas
518 1307 643 1376 corporis
668 1311 765 1376 partes
790 1305 998 1372 transformare,

129 1406 249 1460 eamque
267 1391 449 1446 mutationem
466 1391 521 1445 iam
539 1392 649 1461 iamque
666 1396 775 1446 auctam
787 1390 920 1446 continuo
938 1388 998 1444 vul-

128 1476 193 1547 gari
211 1481 295 1546 atque
314 1476 449 1546 dispergi.
487 1477 563 1542 Quae
582 1493 665 1546 quum
683 1477 725 1531 ita
742 1476 800 1532 sint
815 1493 850 1531 ex
862 1473 998 1530 Darwinii

129 1561 273 1631 opinione,
292 1560 392 1629 omnia,
414 1577 486 1630 qnae
504 1577 577 1616 nunc
594 1561 702 1630 vigent,
725 1561 755 1616 in
772 1561 874 1616 munde
893 1565 923 1616 et
940 1559 997 1614 ani-

128 1646 244 1701 malium
262 1651 292 1700 et
308 1645 466 1715 plantarum
483 1662 589 1714 genera
605 1663 661 1700 una
678 1662 713 1700 ex
726 1646 836 1715 origine
854 1651 917 1700 orta
934 1660 998 1699 esse

129 1729 308 1802 indicandum
327 1735 379 1798 est,
397 1735 430 1784 ut
447 1731 568 1800 exempli
586 1731 680 1800 gratia
696 1731 820 1786 universi
838 1731 932 1786 avium
950 1746 998 1798 ge-

129 1816 207 1872 neris
224 1831 280 1870 una
297 1815 358 1870 avis
382 1815 527 1884 primitiva
548 1831 650 1884 parens
673 1814 802 1873 habenda
825 1815 877 1871 sit:
903 1831 999 1871 omnes

130 1902 205 1958 enim
223 1901 366 1956 cuiusdam
378 1900 537 1956 animalium
554 1901 668 1970 generis
685 1906 790 1970 partes,
808 1907 840 1956 ut
855 1900 999 1956 Darwinio

130 1987 253 2054 videtur,
279 1985 354 2040 inter
379 2001 443 2041 sese
471 1990 609 2055 cognatae
637 1991 711 2042 sunt.
752 1986 824 2052 Quin
852 1986 937 2042 etiam
964 2001 998 2040 eo

131 2076 270 2140 evagatus
295 2075 340 2125 est
360 2068 495 2140 physicus
519 2069 576 2137 ille,
602 2075 635 2126 ut
661 2070 887 2126 constituendum
909 2075 999 2140 putet,

132 2157 225 2212 omnia
242 2154 363 2210 omnium
387 2153 547 2210 animalium
571 2171 753 2225 generanda
774 2172 809 2211 ex
830 2155 920 2211 forma
942 2155 998 2225 pri·

131 2240 231 2296 mitiva
253 2245 315 2294 orta
333 2255 396 2295 esse
420 2239 575 2311 eodemque
597 2240 680 2296 modo
703 2240 860 2310 plantarum
884 2255 998 2309 genera.

134 2325 189 2380 Sed
216 2323 269 2380 hoc
291 2324 376 2378 etiam
403 2324 524 2380 absurdo
552 2325 635 2394 plane
662 2326 816 2395 inepteque
840 2325 917 2380 dicto
943 2341 999 2379 non

133 2414 289 2478 contentus,
311 2408 469 2478 analogiam
487 2408 607 2466 affirmat
621 2410 658 2464 ad
675 2410 813 2465 rationem
836 2410 913 2464 illam
936 2425 998 2480 per-

133 2495 276 2550 ducturam
293 2511 353 2563 nos,
371 2499 403 2549 nt
421 2500 451 2549 et
467 2495 579 2564 plantas
597 2499 627 2549 et
645 2494 775 2550 animalia
791 2510 848 2548 uno
866 2509 901 2548 ex
919 2492 999 2548 fonte

134 2595 276 2636 emanasse
302 2585 446 2649 putemus,
473 2579 628 2649 eodemque
655 2578 749 2647 fonte,
775 2579 819 2634 cni
846 2577 999 2649 primordio

134 2680 222 2720 rernm
240 2681 258 2718 a
275 2669 402 2720 creatore
426 2663 493 2718 data
513 2664 552 2719 sit
573 2664 688 2720 vivendi
712 2663 934 2734 procreandique
958 2661 998 2717 sa-

135 2748 236 2804 cultas:
249 2748 334 2818 idque
347 2765 512 2820 quamquam
525 2747 579 2804 sibi
592 2754 698 2804 eertum
707 2749 875 2818 minimeque
885 2748 999 2804 dubium

134 2833 225 2900 habet,
249 2837 342 2887 tamen
360 2850 416 2888 non
434 2849 505 2902 opus
528 2849 591 2888 esse
610 2834 769 2902 arbitratur,
792 2835 859 2904 quia
882 2834 910 2888 in
934 2851 998 2888 ana·

135 2918 209 2987 logia
226 2918 265 2973 sit
281 2917 413 2987 positum,
436 2935 488 2973 nos
506 2911 617 2988 quoque
642 2917 679 2986 id,
702 2919 777 2988 quod
800 2919 861 2990 ipse
886 2918 999 2989 quidem

135 3003 244 3070 sentiat,
257 3003 416 3058 credamus:
435 3002 486 3058 sed
499 3002 583 3072 longe
596 3003 757 3072 aliudesse,
770 3005 845 3074 quod
857 3004 1000 3074 pertineat

136 3085 396 3158 adqnodvismagni
405 3087 548 3143 cuiusdam
561 3088 667 3144 ordinis
676 3103 774 3160 genus,
786 3095 818 3144 ut
830 3088 1000 3144 inseotomm

135 3177 163 3236 et
179 3170 338 3232 animalium
356 3171 497 3232 vertebris
518 3173 717 3248 praeditorum.
759 3173 813 3232 Hic
831 3173 904 3233 enim
922 3178 1000 3235 certe
