2278 3760
491 285 661 347 ..gg-

141 450 262 513 praeter·
272 443 417 500 mulierem
434 443 580 515 quandam,
599 463 671 518 quae
690 447 752 503 avis
767 447 945 503 subvolastis
962 463 1013 502 uu-

141 545 212 599 gues
230 531 393 601 corripiens,
412 531 447 587 ab
464 529 514 586 illa
530 532 560 585 in
577 547 673 602 rupem
698 531 793 588 delata
816 533 854 587 sit
876 547 912 588 ex
930 533 1013 602 aquis

141 621 308 670 exstantem.
349 614 403 670 Hie
425 621 509 686 partu
535 617 660 672 edidisse
683 616 832 673 mulierem
858 617 935 672 illam
962 633 1012 686 ge·

140 701 229 756 miuus
255 717 372 771 pueros,
405 715 521 772 qnorum
547 707 631 772 pater
656 701 742 757 fuerit
768 703 877 772 aquila,
905 703 1022 772 quique·

140 785 232 840 denuo
250 787 346 842 orbem
364 793 500 842 terrarum
517 787 618 843 ineolis
635 787 886 858 frequentaverint.
923 790 1011 860 Apud

140 872 293 927 Mandanes
309 874 459 942 quotannis
470 874 574 929 selmus
590 873 704 942 (Catlirn
717 875 763 930 die
776 874 908 930 Indiauer
920 875 1009 930 ilerd*

139 956 279 1011 amerikas
296 957 415 1013 deutseh
434 977 460 1015 v.
480 960 515 1014 H.
534 958 681 1028 Berghaus
698 977 726 1030 p.
746 959 818 1027 288.)
837 958 900 1014 dies
917 959 1010 1014 festus

138 1040 297 1096 celebratos
316 1057 378 1098 esse
397 1044 425 1098 in
446 1044 547 1100 diluvii
571 1045 740 1098 memoriam.
782 1043 869 1098 Cuius
896 1043 1008 1099 sellem·

138 1126 237 1181 nitatis
264 1141 309 1182 res
335 1128 503 1196 gravissima
534 1134 579 1184 est
606 1129 735 1198 saltatio,
774 1144 846 1198 quae
879 1134 1010 1184 movetur

138 1212 212 1266 eirea
237 1213 342 1267 dulium
376 1218 441 1268 ueto
468 1214 602 1269 decemve
629 1215 718 1284 pedes
745 1214 840 1282 altum,
873 1229 1008 1282 „magnae

138 1297 246 1351 lintris“
265 1299 390 1367 signum:
409 1298 444 1353 ad
462 1297 600 1355 saltantes
619 1315 687 1355 vero
706 1299 872 1368 aggreditur
889 1298 941 1367 νὴ,
959 1299 1008 1368 qni

137 1381 256 1450 prImum
273 1380 412 1437 homiuem
431 1382 711 1439 llums'aulr-Maelrana
732 1387 935 1454 repraesentat,
960 1383 1008 1450 qui

137 1467 172 1522 ab
196 1467 343 1522 oeeidente
368 1467 493 1536 veniens,
520 1485 551 1523 se
577 1485 679 1538 magna
705 1469 733 1522 in
760 1468 844 1523 lintre
870 1467 1007 1523 dilnvium

134 1552 272 1620 effingisse
299 1553 390 1622 adque
416 1569 550 1608 summum
579 1553 608 1608 in
636 1554 783 1608 occidente
809 1558 932 1608 muntem
959 1569 1007 1622 ap·

135 1637 245 1706 pulsnm
264 1653 336 1705 esse,
354 1653 482 1694 narrasse
500 1638 612 1694 dieitur.
649 1639 693 1693 Ex
708 1637 947 1708 Apabaehiturum
965 1637 1006 1692 la-

135 1721 202 1777 bula
220 1722 288 1788 (vid.
308 1723 385 1778 Mtlll.
406 1724 441 1776 A.
461 1723 495 1778 U.
515 1742 543 1794 p.
562 1725 632 1792 113.)
657 1723 701 1779 sol
719 1723 858 1794 qnondam
876 1737 927 1792 per
940 1738 1005 1792 qna·

135 1814 200 1861 tuor
217 1812 247 1861 et
264 1807 367 1877 viginti
386 1806 469 1863 horas
488 1824 598 1864 cursum
616 1808 768 1864 retinuisse
786 1807 902 1876 dieitur3
920 1813 1006 1876 atque

135 1908 224 1962 aqrrue
255 1893 349 1961 magni
382 1892 460 1948 lacus
492 1892 610 1948 Theomi
641 1893 683 1948 ita
714 1892 942 1960 effundebantur,
973 1898 1007 1946 ut

71 2000 77 2018 =·
135 1993 255 2033 summas
267 1977 403 2030 muntium
416 1977 540 2032 vertiees
556 1984 695 2046 tegerent,
714 1983 828 2047 praeter
840 1977 1006 2047 Olaimyum

135 2079 190 2132 quo
217 2063 246 2118 iu
272 2067 367 2117 moute
391 2078 508 2132 magnae
536 2062 605 2118 solis
632 2063 718 2118 aedes
745 2068 890 2116 extructae
917 2070 1006 2129 erant,

134 2164 214 2218 quiae,
241 2148 308 2217 quia
326 2165 342 2202 a
360 2147 421 2203 sule
440 2148 503 2218 Ipso
526 2147 637 2204 inerant
660 2147 834 2216 aedificatae,
857 2163 874 2202 a
895 2148 1005 2203 diluvio

133 2251 189 2289 nun
202 2234 415 2290 invadebantur.
453 2233 555 2288 Omnes
569 2239 669 2300 autem,
689 2232 736 2300 qui
748 2231 821 2287 hune
834 2233 869 2287 ad
881 2240 1005 2288 montem

135 2319 332 2389 confugerant,
357 2319 462 2374 servati
485 2319 607 2374 suntab
630 2319 711 2387 aquis
728 2317 795 2372 illis.
833 2319 959 2384 Quatuor
975 2325 1006 2374 et

83 2467 86 2475 .
133 2405 236 2473 viginti
255 2403 332 2459 horis
355 2404 486 2473 perustis,
505 2403 548 2460 sul
566 2404 668 2463 iterum
685 2405 780 2460 orbem
795 2409 929 2458 terrarum
947 2403 1004 2458 eol-

133 2489 281 2557 lustrabat,
300 2495 332 2544 nt
349 2489 440 2544 undae
459 2489 664 2544 decrescerent.
746 2517 755 2542 ι

201 2575 339 2630 XXVIII.
360 2574 460 2629 illrum
472 2574 500 2630 ln
510 2574 621 2629 modurn
632 2573 788 2628 Cherokesi
799 2573 886 2640 (Mllll.
895 2591 923 2644 p.
932 2573 1003 2642 114.)

132 2659 168 2714 de
180 2660 290 2715 diluvio
302 2659 436 2715 referunt.
474 2658 577 2714 Canem
592 2657 720 2727 quotidie
733 2659 769 2713 ad
782 2659 901 2714 fluminIs
914 2659 1003 2728 ripam

132 2745 294 2813 recurrisse,
322 2745 407 2813 idque
429 2743 585 2798 intuentem
611 2743 732 2799 terribili
760 2744 843 2799 modo
870 2744 1001 2800 eiulasse.

131 2829 219 2894 Quem
230 2843 318 2898 quum
331 2830 436 2885 ideireo
448 2829 577 2885 dominus
589 2829 773 2898 vituperaret,
791 2821 870 2883 illuin
887 2845 1001 2898 respon·

129 2913 215 2982 disse,
233 2913 329 2969 fabula
340 2913 436 2981 tradit,
455 2929 635 2982 permagnam
647 2913 836 2968 calamitatem
849 2913 1002 2981 ImmInere‚

129 3015 191 3053 nam
209 3015 273 3055 mox
285 2998 421 3055 diluvium
434 2999 577 3064 oriturum,
596 2997 689 3052 omnia
701 2998 853 3053 animantia
864 2999 1001 3068 perdeus3

129 3083 308 3154 quamobrem
326 3083 468 3153 persuasit
486 3082 607 3149 domiuo,
625 3087 658 3136 ut
676 3097 706 3137 se
725 3083 853 3140 omuibus
866 3100 927 3138 eum
940 3085 1001 3139 suis

129 3171 156 3226 lu
175 3169 258 3224 lintre
277 3169 313 3226 ab
331 3185 463 3239 aquarum
481 3167 607 3236 periculo
626 3173 761 3237 servaret,
779 3169 870 3238 ipsum
890 3185 958 3225 vero
971 3169 1000 3222 iu

128 3251 205 3272 ‘¹
248 3255 361 3309 “reret
399 3253 486 3319 Quam
509 3251 586 3308 eanIs
609 3267 706 3308 votem
729 3254 847 3310 audieus
869 3255 1000 3312 domiuus
