2278 3760
471 267 639 320 ..57-

122 419 284 488 perplexae,
314 425 346 474 ut
372 435 477 474 summo
504 419 610 487 ingenii
638 422 763 476 acumine
791 439 862 492 opus
889 423 928 478 ait
954 423 989 478 ad

123 507 212 575 ipsam
240 504 378 574 originem
405 505 563 560 eruendam
610 506 744 562 Attamen
771 507 842 563 hanc
868 507 989 562 fabulam

122 592 195 662 apud
220 591 381 646 Austraiios
412 608 474 645 esse
505 599 645 648 servatam
669 594 761 648 credo.
808 594 876 648 Nem
905 594 991 648 tradit
1080 629 1088 641 f

123 677 205 733 uobis
230 682 330 745 quarta
355 675 621 732 Newzealaudorum
648 677 743 734 fabula
766 677 991 747 peregrinatone

123 762 169 827 (cs.
185 761 325 828 Schirreu,
345 761 439 829 Sagen
451 760 501 814 der
514 760 725 816 Neusecliinder
737 779 764 830 p.
778 761 832 828 24.)
845 761 990 838 loliginem

122 847 262 916 quondam
280 861 467 917 permagnam,
485 859 569 913 quum
587 844 670 900 sortis
688 845 736 900 ille
756 847 833 916 Uupe
853 847 880 902 iu
898 847 989 914 litore,

121 933 197 1002 quod
216 937 261 986 est
279 931 314 985 ad
332 931 470 985 orientem
493 946 600 998 versus,
627 930 821 1006 Castled'oint
844 939 989 988 essecutus

122 1023 208 1084 essct,
227 1016 303 1084 quod
315 1015 376 1085 ipse
389 1015 501 1083 quidem
514 1016 554 1071 Te
568 1015 846 1087 whose-Muturangi
862 1019 990 1085 vocabat,

122 1103 157 1158 ab
182 1101 232 1156 illo
256 1101 435 1170 perterritam
460 1118 495 1155 ex
519 1103 702 1170 promontorii
724 1111 804 1160 antro
829 1103 936 1172 fugisse
961 1103 990 1156 in

121 1189 280 1242 Raucavsm
300 1204 407 1242 versus.
448 1186 554 1256 Cupem
573 1205 641 1244 vero
665 1189 881 1258 subsequentem
904 1194 988 1256 atque

122 1273 156 1328 ad
175 1271 294 1327 insulam
312 1273 431 1328 mediam
450 1273 497 1327 vie
514 1272 686 1328 Anna-itica
705 1274 928 1341 proficiscentem
947 1290 987 1326 ra-

122 1359 261 1428 pidiorem
280 1358 403 1414 sensisse
421 1371 552 1424 aquarum
576 1373 694 1412 cursum.
736 1358 797 1422 Quo
819 1357 847 1412 iu
870 1359 932 1412 loco
957 1375 987 1412 se

122 1443 271 1499 abdiderat
295 1441 383 1510 loligo
408 1446 493 1509 atque
520 1440 633 1496 lacertis
660 1443 719 1498 suis
744 1443 837 1512 Oupea
860 1442 991 1513 scapham

122 1529 265 1598 corripere
290 1526 458 1592 intenderat,
487 1530 517 1579 ut
540 1541 600 1580 eam
619 1527 810 1596 depromeretg
837 1528 888 1582 sed
912 1528 990 1597 Cupe

121 1614 151 1667 id
176 1613 252 1681 quod
281 1611 370 1680 loligo
397 1609 531 1678 perticere
560 1617 684 1666 tentaret
710 1613 818 1679 videns,
848 1613 990 1682 ingentem

122 1697 283 1752 cantharum
297 1697 324 1750 in
337 1695 426 1750 undas
439 1694 552 1764 deiecit,
570 1711 652 1764 quem
664 1709 746 1764 quum
760 1698 846 1766 piscis
860 1697 990 1767 scapham

122 1800 186 1839 esse
204 1787 319 1853 putaret
342 1787 427 1850 atque
453 1787 582 1850 surgeret
610 1798 670 1836 cam
693 1783 819 1852 corporis
846 1783 890 1838 sui
916 1781 990 1838 rrrole

122 1869 326 1932 submersores,
349 1867 442 1935 Cupet
465 1866 554 1920 securi
580 1866 652 1922 ictus
671 1868 740 1922 (luas
758 1868 786 1922 in
804 1875 900 1938 partes
918 1869 990 1923 divi-

121 1955 250 2008 debatur.
287 1953 347 2012 Hac
365 1968 434 2021 ergo
452 1951 480 2006 in
498 1950 646 2008 fabulatio
668 1951 785 2024 loligine
808 1971 825 2008 a
848 1955 926 2024 Cupe
950 1954 989 2008 in·

122 2038 243 2093 terfecta
261 2044 387 2092 cunctam
411 2037 511 2106 opinor
534 2037 670 2092 redditam
696 2055 759 2094 esse
783 2039 989 2094 dimicationem

121 2125 150 2178 irr
161 2124 297 2178 dracones
307 2129 425 2191 gestam,
444 2121 491 2176 vel
500 2139 630 2191 pugnam,
649 2137 730 2190 (litam
745 2125 870 2194 corporis
882 2124 990 2179 viribus

80 2227 82 2231 ’
122 2207 262 2263 hominum
289 2224 378 2276 genus
397 2225 414 2260 a
431 2207 486 2261 Dei
504 2207 685 2276 providentia
702 2208 731 2262 iu
748 2209 835 2264 malas
854 2225 899 2264 res
917 2226 989 2264 com·

121 2294 235 2348 mittere
260 2293 366 2348 iussum
391 2297 444 2360 est,
474 2298 567 2346 tamen
585 2309 704 2360 anguem
726 2294 853 2350 videmus
872 2311 990 2350 commu-

122 2383 212 2433 tatum
236 2379 265 2432 iu
289 2379 412 2448 speciem
436 2377 490 2433 sibi
515 2383 671 2446 soporatam,
698 2377 727 2431 id
751 2385 795 2434 est
817 2378 846 2432 in
869 2380 989 2448 piscem3

121 2465 197 2532 quod
211 2464 330 2519 torsitarr
349 2479 383 2518 eo
401 2463 505 2518 factum
524 2469 576 2530 est,
595 2461 661 2530 quia
673 2463 785 2532 saepius
799 2463 895 2518 videre
909 2464 989 2518 Now·

122 2549 249 2603 ncalaadi
278 2549 383 2618 piscem
409 2555 486 2604 certo
510 2553 576 2603 suut
593 2545 749 2601 adsuefacti
770 2564 852 2616 qrram
870 2565 990 2617 anguem

121 2641 151 2688 ct
169 2633 326 2688 draconem.
692 2689 693 2692 Ἴ

190 2718 326 2772 XXXVI.
370 2718 427 2772 Sed
454 2719 606 2774 certamina
631 2734 742 2788 quoque
770 2721 805 2776 ab
831 2720 990 2776 hominibus

120 2803 205 2858 animi
225 2809 308 2870 atque
328 2803 434 2871 ingenii
451 2804 558 2859 viribus
571 2810 654 2872 gesta
672 2799 769 2860 contra
781 2805 862 2874 mala,
877 2812 990 2873 certam,

121 2895 153 2943 ut
187 2889 270 2942 modo
304 2889 497 2956 ostendemus,
532 2889 606 2956 apud
642 2905 738 2944 omnes
773 2889 833 2945 iere
868 2891 990 2961 populos

122 2988 228 3040 eosque
243 2974 411 3043 praecipuos
430 2974 511 3028 duxit
528 2972 652 3041 formam,
672 2975 826 3044 eodemque
844 2977 927 3031 modo
946 2983 991 3032 cst

121 3075 258 3128 expressa
287 3059 315 3112 in
343 3075 438 3112 eorum
465 3057 577 3126 fabulis,
606 3063 639 3112 ut
668 3065 698 3112 et
724 3058 793 3114 haec
820 3079 885 3130 pars
913 3062 989 3116 vitae

121 3141 256 3197 humanae
275 3147 360 3210 atquc
379 3143 496 3200 rationis
515 3143 650 3212 singulari
670 3144 788 3212 quadam
807 3151 837 3200 et
854 3146 990 3200 communi

121 3228 216 3301 specie
246 3227 376 3300 praedita
403 3230 500 3284 summi
531 3229 559 3283 in
585 3229 751 3298 quaestione
777 3231 925 3302 proposita
952 3232 990 3288 sit
