2278 3760
277 403 872 484 PRAEFATIO.
966 496 970 504 ,

148 626 172 668 s
390 577 578 670 Lectori
607 583 762 662 erudito

561 748 601 831 8.

207 887 269 997 En
292 935 356 1016 tibi,
379 937 474 996 lector
496 937 653 1018 benevole,
676 937 854 1015 opusculum
870 933 907 996 de
931 952 1011 995 com-

139 1038 220 1098 muni
241 1031 363 1099 humani
386 1039 505 1114 generis
528 1039 642 1116 origine
658 1041 866 1118 compositum,
888 1055 925 1097 ex
940 1054 1010 1115 qno,

139 1144 238 1200 utrum
267 1143 425 1200 assecutus
454 1140 509 1200 sim
531 1133 615 1202 ‘vera
642 1159 751 1221 necne,
786 1141 851 1218 ipse
882 1139 1010 1216 legendo
1122 1215 1125 1228 1

138 1241 297 1302 indicabis.
348 1241 512 1301 Praeclara
540 1245 676 1303 veterum
705 1245 861 1303 auctorum
883 1241 922 1302 ad
941 1257 1011 1317 pro·

137 1343 269 1419 positam
298 1343 504 1420 quaestionem
536 1361 613 1420 quae
641 1344 764 1404 valeant
800 1341 913 1423 studia,
950 1359 1010 1400 non

138 1444 270 1524 neglexi,
287 1444 472 1521 gravissimis
487 1445 685 1506 recentiorum
697 1445 923 1522 quaestionibus
939 1429 1010 1502 uere

132 1564 309 1626 naussum,
337 1546 437 1624 quoad
458 1546 529 1606 mihi
550 1547 644 1607 licuit.
705 1544 819 1621 Quodsi
846 1563 919 1604 vero
949 1561 1010 1604 non

46 1647 57 1657 '
139 1652 262 1711 secutus
275 1667 340 1710 sum
362 1642 548 1709 notissimum
569 1647 644 1707 illud
660 1647 781 1724 dictum,
806 1664 927 1726 ,nonum
943 1663 1009 1722 pre·

137 1757 237 1813 matur
258 1752 289 1812 in
311 1745 442 1831 annnm‘,
463 1751 605 1828 ignoscas
620 1749 700 1830 mihi,
723 1767 814 1827 quum
831 1767 892 1809 non
914 1750 1010 1812 solum

137 1857 218 1915 inter
240 1853 478 1931 sapientissimos
508 1870 604 1929 aeque
634 1870 670 1914 ac
699 1851 890 1912 doctissimos
917 1852 1008 1930 viros,

138 1957 249 2034 quibus
271 1957 311 2016 ad
333 1956 523 2018 indicandum
545 1955 730 2016 tradideram
757 1953 837 2015 hunc
865 1955 1009 2033 libellum,

138 2065 173 2121 ut
194 2061 297 2136 praelo
327 2077 394 2120 enm
421 2057 608 2138 subjicerem,
639 2057 759 2134 quidam
786 2075 833 2117 me
861 2055 1011 2118 exhortati

139 2161 210 2241 sint,
241 2160 457 2224 verumetiam
482 2160 560 2220 aliae
589 2159 649 2219 sint
671 2176 785 2234 eaeque
813 2157 1010 2235 gravissimae

139 2281 277 2341 caussae,
307 2281 385 2340 quae
414 2281 461 2323 me
482 2261 665 2339 impulerunt
686 2261 726 2320 ad
756 2260 889 2321 edendas
918 2258 1011 2319 hasce

138 2366 289 2442 pagellas.
320 2344 520 2440 ‘Quamquam
545 2362 627 2422 hand
657 2363 774 2439 ignoror
804 2361 1010 2437 quaestionem
1063 2393 1066 2401 ·

139 2465 328 2544 propositam
359 2466 477 2525 minime
507 2482 526 2524 a
557 2481 605 2524 me
638 2465 766 2524 solutam
800 2479 877 2542 esse,
910 2467 1010 2522 tamen

13 2565 16 2570 ’
49 2651 51 2656 Α
140 2583 242 2646 spero,
265 2566 329 2626 fore
350 2569 385 2628 ut
406 2565 520 2642 aliquid
541 2565 614 2625 novi
641 2565 677 2624 in
703 2566 799 2624 lucem
825 2563 1009 2643 protulerim,

141 2670 223 2746 quod
253 2669 293 2729 ad
326 2669 414 2730 finem
442 2669 568 2745 propius
599 2685 664 2728 eam
697 2667 881 2746 propiusque
910 2666 1010 2728 ducat.

141 2773 249 2848 Itaque
271 2773 339 2832 vale
361 2775 392 2832 et
412 2770 481 2832 lave
503 2772 647 2848 opusculo
672 2787 753 2849 meo,
783 2773 916 2831 ceterum
937 2787 1009 2830 vero

141 2873 287 2935 Venusini
308 2878 417 2950 poetae
438 2874 501 2934 noli
523 2875 721 2933 comtemnere
743 2873 898 2950 egregium
922 2873 1010 2933 illud:

340 2977 365 3038 si
388 2977 460 3053 qnid
481 2975 592 3037 novisti
614 2975 724 3036 rectius
745 2975 823 3056 istis,

197 3077 341 3139 candidus
362 3077 491 3158 imperti,
514 3079 629 3158 sinon,
652 3077 699 3137 his
720 3082 806 3139 utere
827 3095 952 3138 meorum.

196 3173 304 3244 δονίρεὲ
316 3173 486 3245 Hectorei,
505 3172 632 3229 Calendis
648 3171 746 3227 Juniis
763 3170 977 3228 MDCCOLXI
979 3169 1009 3227 V.
