2278 3760
496 289 528 302 s.
565 257 664 317 18-

147 413 306 488 oorrumpit,
333 417 399 488 quia
421 433 473 471 uec
495 416 537 470 sol
560 433 613 472 nco
636 415 701 470 luna
723 415 825 482 lucent,
851 411 946 482 itaque
965 424 1016 482 pro

147 503 258 558 laetitia
276 511 306 558 et
323 503 428 570 gaudio
447 519 568 557 summus
586 508 676 556 terras
694 500 797 569 proruit
809 515 933 554 moeror:
953 515 1016 550 mox

147 589 182 642 ab
201 587 368 641 homunculo
386 587 503 656 cupriuo
526 587 608 642 arbor
632 586 791 653 succiditur,
816 601 887 654 quae
909 583 1016 639 vert-loe

147 690 178 728 ac
206 675 289 728 ramis
313 674 371 728 suis
402 680 517 727 cunctas
539 689 590 742 per
613 677 705 726 terrae
728 677 825 741 partes
851 669 1018 724 diffunditur

147 765 230 828 atque
248 757 321 812 huuc
339 759 367 812 iu
385 759 497 812 modum
515 757 626 812 humaui
644 758 758 825 generis
776 773 828 826 per
846 762 935 810 terras
953 771 1016 822 pro-

146 843 328 912 pagationem
347 842 498 910 signifieat.
541 843 647 907 Quodsi
672 861 723 912 pro
747 844 815 898 turri
839 857 969 912 quercum
988 839 1016 892 iu

146 927 196 981 illa
207 926 302 981 fabula
314 933 555 982 commemoratam
566 928 703 994 videmus,
714 927 813 981 mirum
823 943 877 980 uon
889 931 941 990 cst,
951 924 1017 992 (pria

147 1012 175 1064 id
195 1011 310 1066 vivendi
328 1010 411 1066 buius
423 1012 520 1082 populi
535 1013 643 1068 ratione
657 1013 788 1068 effectum
801 1020 854 1067 est.
884 1011 1018 1066 Memoria

112 1141 117 1149 .
148 1096 220 1150 euim
239 1101 296 1149 tam
312 1095 502 1152 memorabilis
520 1095 589 1152 facti
601 1097 708 1167 populo
726 1099 850 1152 Feuuioo
868 1101 1016 1162 manserat,

146 1181 275 1250 quoniam
294 1185 324 1234 et
342 1181 396 1250 ipsi
415 1180 468 1236 boc
486 1181 563 1238 facto
585 1181 668 1236 valde
687 1183 756 1236 moti
774 1187 861 1250 utque
884 1197 918 1234 er
943 1195 1015 1232 com-

147 1265 222 1319 ruuui
240 1265 360 1319 omnium
378 1265 518 1321 homiuum
541 1266 633 1336 patria
656 1272 787 1320 extentas
810 1266 838 1318 iu
860 1271 950 1318 terras
968 1263 1015 1316 do·

148 1349 300 1417 migrarent
313 1351 403 1404 coacti
417 1357 505 1405 eraut.
543 1351 600 1406 Sed
612 1358 760 1422 postquam
775 1365 927 1420 pauperem
940 1348 1015 1402 illam

146 1433 299 1500 regionem,
327 1434 376 1487 ubi
404 1451 475 1488 nuuc
499 1434 640 1504 habitunt,
672 1440 880 1505 occupaverunt
903 1435 1016 1502 illisque

146 1535 237 1587 neque
258 1523 369 1573 occasio
388 1520 454 1574 tiata
472 1526 524 1588 est,
543 1537 633 1590 uequo
653 1521 707 1590 ipsi
726 1520 883 1576 habueruut
909 1524 1015 1572 tautam

146 1604 229 1656 auimi
249 1609 279 1657 et
297 1604 403 1671 iugeuii
422 1603 594 1674 facultatem,
614 1613 744 1676 quantam
769 1605 818 1660 alii
837 1603 943 1674 populi,
968 1603 1015 1671 qui

146 1687 323 1743 uberioribus
342 1695 426 1758 atque
451 1689 637 1747 fertilioribus
662 1691 733 1746 locis
750 1689 919 1754 habitarent,
943 1687 1017 1742 altas

146 1773 181 1827 ad
199 1781 291 1827 tumes
309 1780 339 1827 et
356 1791 458 1842 uragua
475 1776 605 1829 aedilicia
623 1775 801 1842 exstruenda,
822 1773 906 1843 plane
926 1788 941 1825 e
960 1788 1016 1824 me-

145 1857 234 1912 moria
251 1857 361 1911 illomm
380 1859 477 1927 elapsa
495 1866 556 1913 erat
573 1859 658 1914 turris
672 1858 862 1929 Babylorrieae
874 1857 965 1924 ligura
983 1872 1017 1910 ac

146 1947 242 2011 torma,
261 1944 381 2014 dumque
400 1944 496 2000 fabula
514 1945 576 2015 ipsa
592 1944 731 2011 manebat,
753 1943 838 1996 turris
857 1942 920 1995 loco
939 1940 1016 1994 aliud

146 2030 285 2096 quoddam
304 2029 389 2084 altum
414 2045 598 2098 magnumque
623 2035 778 2099 posueruut
799 2032 1016 2090 mouumentum,

146 2114 220 2182 qrrod
239 2130 350 2184 semper
368 2115 396 2168 in
414 2129 508 2168 eorum
527 2121 680 2184 conspectu
699 2121 760 2170 crat
784 2121 814 2169 et
833 2129 926 2168 oartrm
946 2129 1016 2180 otras

147 2198 281 2251 ridebant
300 2214 353 2263 res,
379 2215 512 2252 summum
531 2198 679 2266 habebant,
704 2199 787 2267 idque
810 2203 1018 2252 monumentum

150 2288 211 2336 erat
229 2297 348 2350 quercus
366 2282 416 2336 illa
434 2283 570 2350 sublimis,
594 2299 666 2352 <rurae
687 2282 802 2338 brachia
824 2298 873 2336 sua
894 2281 950 2335 late
969 2297 1018 2334 ex·

146 2367 265 2421 teudcus
289 2367 456 2435 sublimique
484 2375 584 2424 ructans
606 2369 712 2424 vertice
736 2369 862 2423 omuibus
885 2367 945 2420 fero
966 2383 1017 2436 po-

146 2453 220 2521 pulis
239 2469 318 2506 sacra
335 2452 391 2506 diis
409 2469 472 2506 esse
492 2454 667 2508 credebatur.

217 2537 268 2590 IX.
301 2536 356 2590 Sed
376 2538 453 2591 dieat
470 2537 544 2592 forte
562 2539 709 2608 quispiam,
727 2537 886 2593 huiusmodi
898 2537 1018 2604 salmias,

146 2621 273 2690 quamvis
291 2622 365 2676 iuter
383 2638 413 2676 se
432 2623 503 2678 bcue
529 2624 693 2678 coniunctae
715 2639 825 2692 ruraque
852 2640 887 2677 ex
906 2623 1017 2690 origiue

146 2717 290 2761 emanasse
308 2707 465 2775 videantur,
484 2726 540 2763 uon
558 2716 651 2762 curtos
664 2715 757 2763 tamen
770 2713 860 2762 testes
879 2723 942 2762 csse
955 2707 1016 2762 urri-

145 2790 214 2845 tatis
236 2789 348 2844 humaui
371 2792 496 2860 generis,
524 2793 591 2862 quia
612 2791 719 2848 diversi
745 2791 787 2846 illi
812 2791 918 2860 populi,
941 2792 1016 2860 apud

146 2889 216 2942 quos
229 2873 302 2928 tales
314 2875 472 2931 invenimus
485 2876 604 2944 fabulas,
620 2875 774 2930 adnitimis
787 2876 870 2930 modo
882 2876 1017 2944 gentibus

146 2975 194 3014 cas
212 2959 381 3028 acceperint,
402 2961 498 3030 itaque
516 2961 577 3015 lieri
596 2977 689 3030 posse,
713 2965 745 3014 ut
763 2960 858 3015 fabula
876 2978 892 3014 a
909 2961 1016 3030 populo

144 3043 264 3112 quodam
278 3049 429 3112 assumpta,
449 3059 525 3098 mera
534 3043 646 3112 quidam
656 3051 741 3114 atque
751 3045 862 3112 integra
874 3050 1016 3098 serretur:

144 3127 211 3182 inde
230 3133 323 3184 tamen
341 3145 397 3183 uon
415 3129 503 3198 sequi,
526 3129 554 3183 in
575 3129 684 3198 populis
703 3129 779 3184 illius
798 3129 895 3200 populi
915 3129 1017 3186 linibus

144 3213 262 3269 numum
280 3217 369 3268 ortam
388 3229 452 3269 esse
470 3212 601 3269 fabulam.
