2278 3760
488 262 658 316 ...81-

49 421 55 428 '
135 412 309 481 Rochel(ed.
320 413 441 470 Amatel.
455 414 530 470 1716.
538 431 567 484 p.
575 415 664 484 3-5.)
673 414 800 484 tradidit,
809 415 940 485 quodque
950 415 1004 471 ein·

135 499 204 570 gula
221 512 349 570 qumque
367 499 450 555 buius
464 499 609 570 ‘opinionis
632 515 684 569 per
701 498 868 554 Iudaeorum
891 503 1006 568 gentem

135 586 266 656 dispersu
276 585 306 642 in
318 603 402 641 unum
413 585 494 655 qnasi
507 599 609 654 corpus
621 587 706 651 atque
721 581 871 652 imaginem
882 583 1004 654 redegit.

135 671 303 740 Perpetuos,
313 670 418 726 ibidem
428 673 564 735 nemetim,
577 666 752 722 calamitates
762 667 882 724 Moesiae
895 674 1006 740 tempus

136 755 316 810 antecedent.
352 755 448 824 Reges
465 753 561 810 veram
577 751 745 822 religionem
762 769 818 810 non
839 754 1007 824 profitentes

135 841 295 910 regnabunt
312 845 342 895 et
365 838 497 910 permulti
517 835 596 893 Iudai
615 836 756 905 deficient,
777 837 813 893 de
838 831 1006 896 liberatione

136 925 330 995 desperantes,
349 923 427 978 duris
443 923 525 978 melis
542 923 632 978 bonos
651 924 888 992 opprimentibus:
912 925 1007 981 saevis

137 1009 285 1066 ardoribus
295 1008 416 1065 torrebit
427 1007 471 1063 sol
483 1004 578 1064 orbem
587 1012 731 1075 terrarum,
743 1013 876 1078 tantaque
888 1007 1007 1066 lebrium

137 1091 239 1150 cohors
249 1091 407 1148 bominibus
420 1089 570 1158 incumbet,
582 1095 615 1145 ut
626 1106 706 1146 snum
718 1091 837 1161 quisque
849 1093 1007 1164 sepulcrum

136 1176 279 1232 foditurns
300 1176 347 1232 sit.
383 1175 454 1230 Tum
467 1189 547 1246 ¹vero
564 1175 642 1232 Deus
666 1193 757 1232 rorem
781 1194 816 1234 ex
840 1178 921 1234 coelo
944 1194 1006 1235 san-

107 1263 270 1332 puineum
299 1261 440 1329 demittit,
470 1275 553 1330 quem
581 1265 714 1331 potentes
745 1262 811 1317 meli
842 1251 1005 1333 moriuntur,

137 1347 222 1404 bonis
239 1361 308 1403 vero
325 1362 382 1402 non
399 1344 523 1402 nocebit.
560 1343 667 1410 Quibus
681 1344 765 1401 sectis
784 1347 827 1404 sol
845 1348 1010 1404 obscuratur
1091 1398 1093 1402 .

138 1438 168 1488 ct
185 1432 311 1489 tenebris
335 1432 465 1488 conditur
490 1447 542 1502 per
564 1430 682 1500 triginta
705 1432 780 1503 dies3
804 1439 906 1503 gentes
928 1450 1009 1506 pree-

137 1517 268 1573 valentes
277 1517 454 1588 imperabunt
465 1523 550 1586 atque
560 1517 720 1586 oppriment
729 1517 859 1575 ludaeos.
887 1519 1010 1596 Posthac

49 1663 52 1670 ,
138 1601 355 1674 Bon-Josepbue
369 1601 488 1660 Messius
501 1603 598 1671 oritur,
615 1619 734 1672 quocum
746 1604 898 1661 liberatore
910 1611 1011 1662 cuncta

138 1689 306 1745 Iudaeorum
329 1705 400 1760 gens
424 1707 455 1746 se
480 1687 634 1758 coniungit.
679 1686 733 1742 Ille
758 1693 859 1759 autem,
883 1689 1010 1760 gentium

128 1768 206 1844 ‘rege
225 1773 348 1843 devicto,
372 1789 452 1829 sacra
475 1787 545 1828 vasa
562 1770 759 1841 Hierosolyma
776 1773 921 1841 reducens,
947 1787 1010 1828 cum

139 1854 270 1926 Armillo,
297 1855 380 1912 hoste
412 1867 464 1913 suo
489 1855 605 1910 mirifice
630 1860 706 1924 nato,
733 1855 836 1926 quique
861 1851 1010 1912 duodecim

137 1943 219 1998 ulnas
237 1943 312 1998 altus
330 1948 361 1998 et
378 1942 527 1998 duodecim
544 1947 590 1998 est
606 1941 689 2009 latus,
707 1941 844 2012 confligit.
881 1941 935 2008 Qui
956 1943 1010 1997 Ar:

138 2028 232 2084 millus
255 2028 347 2099 primo
372 2028 525 2097 quideme
548 2025 681 2096 gentibus
699 2025 818 2081 Messias
843 2026 965 2096 habitus,
993 2042 1011 2080 a

139 2112 254 2169 Iudaeis
272 2129 383 2184 qnoque
401 2114 483 2185 petit,
505 2118 537 2167 ut
555 2127 586 2167 ee
605 2109 761 2180 agnoscent
784 2118 958 2166 servatorem
982 2115 1012 2166 et

139 2198 235 2266 deum,
257 2203 355 2253 contra
380 2215 449 2254 vero
475 2195 666 2266 cipraelegit
686 2193 905 2265 Ben-Josephue
931 2188 1010 2266 pree-

140 2287 253 2352 ceptum
276 2281 348 2336 illud
371 2280 511 2338 divinum:
531 2279 604 2352 'Hyas'
623 2284 683 2350 εἶμι
710 2277 813 2353 κύριος.
831 2279 847 2335 o‘
867 2279 939 2342 Θεός
962 2298 1011 2337 σου

140 2365 214 2440 ἴσως
231 2365 373 2438 ἐξῆγαγόν
391 2387 421 2423 σε
441 2370 472 2423 ἐκ
491 2375 543 2438 γῆς
557 2365 712 2437 Αἰγύπτου,
736 2367 764 2428 ἐξ
778 2364 857 2421 δίκον
871 2367 1008 2430 δουλείας.

141 2453 199 2510 θιῗκ
219 2457 332 2511 ἔσονταί
347 2473 391 2510 σοι
403 2449 662 2530 Θεοὶέτεροιπλῆν
679 2453 750 2520 ἐμοῦ
768 2451 869 2518 (Exod.
885 2452 928 2508 20.
946 2453 1011 2523 23.).

140 2539 220 2594 Inter
245 2545 393 2610 utrumque
420 2555 517 2609 pugna
548 2537 645 2606 oritur,
673 2554 728 2608 qua
756 2537 912 2594 succumbit
940 2540 1013 2595 Bens

30 2653 34 2660 ·
140 2621 286 2692 «Iosephus
303 2621 430 2690 Messias,
456 2622 535 2677 cuins
553 2623 673 2678 animum
696 2622 791 2692 angeli
814 2623 955 2679 coelestes
977 2623 1014 2680 ad

141 2705 251 2762 coelum
269 2711 425 2777 asportant.
462 2705 545 2760 Haud
567 2706 656 2762 multo
678 2713 745 2778 post
767 2707 864 2777 inique
886 2713 1014 2780 tempora
1072 2721 1074 2725 ·

140 2791 263 2848 ludaeos
283 2792 452 2862 opprimunt,
471 2797 555 2864 atque
573 2791 694 2847 Micbucl
710 2793 854 2848 buccinam
871 2793 1013 2850 inflat'so·

139 2891 238 2934 nucem
262 2883 292 2932 et
309 2877 389 2934 Elias
413 2893 469 2932 una
493 2892 555 2932 cum
571 2876 740 2955 Ben-David
757 2876 863 2932 Messia
886 2877 1012 2948 advenit,

142 2979 198 3033 quo
216 2961 287 3018 duce
307 2961 406 3018 Iudaei
429 2966 527 3018 contra
542 2959 690 3016 Armillum
713 2963 815 3018 iterum
833 2964 1014 3040 contendunt,

142 3048 191 3119 qui
209 3048 245 3104 ab
263 3048 328 3104 Elin
344 3047 490 3104 occiditur.
527 3045 633 3101 Iterum
654 3047 786 3103 buccinat
803 3046 932 3117 Michael‚
958 3061 1015 3118 quo

142 3133 239 3189 sonitu
256 3132 399 3200 exaudito,
417 3129 520 3186 mortui
537 3128 611 3186 hunc
625 3130 655 3184 in
672 3130 785 3191 modum
802 3130 838 3187 ab
855 3130 953 3187 inferis
971 3147 1015 3186 re·

142 3217 252 3274 dibunt.
287 3215 366 3272 Mille
390 3215 469 3274 anuis
488 3220 564 3288 poet,
588 3214 678 3274 altera
695 3215 824 3336 sequitu}
845 3214 1016 3272 resurrectio
