2278 3760
431 229 650 326 ,⁸11*

124 388 265 440 terrarum
283 381 355 440 loeis
376 383 569 462 exentedtob
580 382 721 440 hominum
732 383 923 456 proprietates
934 382 999 440 illus

125 469 214 524 animi
237 473 268 524 et
289 469 430 539 eorporis,
451 483 524 539 quae
547 485 658 540 semper
675 468 781 526 inerint
803 473 889 540 atque
913 469 998 524 etism

124 571 202 610 nuno
219 555 407 623 inveniantur,
433 571 468 610 eo
496 553 620 612 refutare
643 554 792 625 possimus,
815 555 882 625 quia
903 554 998 610 mundi

126 641 237 696 creatio
255 657 311 697 non
329 656 397 696 oasn
414 656 447 695 ae
464 638 583 696 fortuito
600 644 752 696 oonseouta
767 639 815 708 sit,
838 639 890 696 sed
911 639 999 696 oertis

126 725 296 797 quibusdam
323 725 435 796 legibus
466 729 600 796 nemoque
629 723 757 782 oonsilio.
804 725 998 793 Quamobrem,

126 811 205 882 qnod
222 811 266 866 illi
284 811 456 882 putaverint,
474 811 589 866 erodere
606 811 689 867 uobis
706 824 762 866 non
780 809 857 866 lioet.
898 810 998 880 Neque

125 895 212 953 homo
231 895 315 953 humo
333 901 419 966 atque
437 900 530 952 terrae
548 895 590 952 sle
607 901 652 952 est
669 895 811 967 alligatus,
828 899 862 950 ut
882 895 997 966 plantae

125 981 176 1037 vel
194 981 327 1037 animalia
338 981 484 1052 quaedam,
501 997 594 1052 neque
609 980 745 1037 adhaeret
760 980 862 1051 glebae
879 981 931 1050 illi,
948 982 998 1038 ubi

124 1067 167 1124 sit
184 1071 276 1136 natus,
294 1067 391 1138 ibique
413 1067 501 1123 vitam
518 1065 624 1136 degere
647 1071 762 1122 ooaotus
785 1071 831 1121 ost
852 1081 869 1120 a
889 1072 998 1134 namra,

124 1152 181 1208 sed
204 1167 419 1223 quoquoversus
447 1151 600 1218 hominem,
626 1151 707 1222 quasi
730 1151 824 1206 mundi
848 1151 998 1222 dominum,

122 1237 295 1306 migrantem
304 1237 441 1306 videmus,
453 1236 580 1292 omnibus
593 1235 622 1290 in
636 1236 799 1306 regionibus
814 1236 998 1294 domesticum

124 1325 158 1378 et
175 1323 206 1376 in
223 1321 417 1392 frigidissimis
440 1321 521 1376 etin
545 1319 732 1376 calidissimis.
775 1322 851 1391 Ergo
873 1339 929 1377 non
952 1327 998 1380 est

124 1407 205 1477 quod
221 1406 360 1476 miremur,
384 1407 413 1461 in
436 1405 582 1462 Australis
604 1403 746 1461 hominum
768 1407 824 1461 tria
845 1408 998 1477 praeoipua

124 1491 180 1546 illa
214 1507 321 1562 genera
354 1495 528 1568 congregata
561 1495 647 1562 atque
684 1491 833 1546 eoniunota
867 1492 996 1548 inveniri.

126 1577 266 1646 Quodque
291 1593 352 1633 onm
370 1577 412 1632 ita
429 1577 475 1645 sit,
493 1575 577 1631 futile
601 1576 700 1632 estad
723 1577 926 1647 explicandum,
948 1577 997 1633 ho·

125 1662 218 1718 mines
229 1661 390 1733 primordiis
402 1677 493 1717 rerum
505 1660 605 1716 eodem
617 1660 699 1716 modo
709 1662 784 1716 inter
793 1678 824 1717 se
834 1661 998 1718 ooniunotos

125 1747 218 1803 fuisse
241 1761 333 1817 neque
355 1746 414 1802 ullo
437 1747 522 1802 modo
544 1751 720 1816 segregatos.
757 1747 828 1812 Quin
850 1747 936 1804 etium
953 1753 998 1804 est

126 1831 199 1886 haee
223 1847 322 1888 oaussa
344 1831 481 1902 praeclari
503 1830 581 1887 illius
604 1831 666 1899 viri,
693 1847 742 1886 cur
768 1847 863 1888 omnes
886 1833 921 1888 ab
942 1849 998 1888 uno

128 1916 256 1972 homiues
273 1922 356 1973 natos
375 1931 437 1972 esse
455 1920 572 1986 parente
591 1921 713 1984 senseat,
729 1916 796 1986 quia
812 1915 933 1974 hominis
950 1935 997 1972 na

126 2007 192 2057 tura
209 2005 295 2072 atque
313 2002 456 2072 ingenium
474 2000 615 2072 prinolpio
638 2017 699 2055 non·
712 1999 842 2057 habuerit
859 2008 916 2058 tam
940 2019 997 2058 eor-

126 2093 185 2142 tam
192 2091 277 2156 atquo
284 2086 524 2154 lirmamlormam‚
536 2086 587 2141 sed
595 2084 742 2156 paullatim
753 2088 837 2144 modo
846 2089 875 2143 in
885 2089 999 2144 diversa

126 2187 234 2241 genera
256 2171 401 2227 transierit
425 2171 563 2242 aliamque
584 2171 719 2227 asciverit
742 2173 874 2242 speeiem.
911 2174 997 2243 Prop-

126 2263 210 2312 terea
241 2255 408 2326 infantibus,
436 2257 501 2311 dum
525 2257 554 2311 in
583 2261 665 2312 utero
693 2262 820 2314 materno
851 2257 942 2314 latent
968 2263 999 2312 et

126 2340 244 2397 simulne
261 2342 329 2410 nati,
347 2341 458 2398 rubrum
477 2357 539 2397 esse
558 2341 680 2396 colorem
697 2347 787 2411 putat,
805 2343 916 2412 qualem
933 2359 997 2413 pro·

126 2425 255 2482 veotiore
279 2431 374 2481 aetate
392 2426 470 2482 nullo
487 2425 516 2480 in
533 2425 675 2482 homiuum
692 2442 797 2496 genero
814 2427 998 2496 inveniamus,

126 2510 179 2566 sed
196 2510 343 2580 paullatim
361 2511 493 2567 Afrorum
511 2510 634 2566 infantes
651 2511 769 2580 nigrum,
787 2511 997 2582 Europaeorum

126 2595 222 2652 album
239 2597 341 2651 dooere
354 2595 485 2651 colorem.
521 2598 639 2652 Praeter
650 2602 761 2652 eeteros
772 2596 873 2653 Lliken
885 2613 997 2670 quoquo

127 2682 173 2747 (D.
202 2680 319 2736 Einheit
349 2681 400 2736 des
426 2676 685 2750 llensohengesahl.
711 2681 789 2751 1845)
820 2699 854 2738 ao
879 2683 997 2748 Latham

126 2783 211 2820 unum
238 2765 321 2821 nobis
353 2765 481 2822 omnibus
513 2771 658 2837 parentem
684 2765 773 2824 iulsse
805 2769 996 2830 demonstratu

127 2851 223 2906 oonati
241 2856 314 2918 sunt,
333 2851 381 2919 qui
400 2865 496 2906 omnes
514 2849 655 2906 hominum
672 2858 774 2921 gentes
791 2871 847 2910 uno
860 2869 895 2910 ex
908 2857 996 2920 Asiae

126 2934 320 2990 meridionalis
347 2935 410 2990 looo
437 2936 549 2992 venisse
575 2941 685 3005 putant.
732 2937 812 2993 -Huio
838 2941 996 3001 sententiaa

128 3019 297 3076 oontradioit
315 3019 349 3074 G.
369 3020 463 3075 Waitz
482 3019 631 3091 (Anthrop.
652 3022 674 3076 1.
694 3040 721 3092 p.
741 3023 813 3091 225.)
831 3041 996 3096 quamquam

126 3119 183 3159 non
201 3103 302 3158 iisdem
320 3103 356 3159 de
374 3105 490 3174 caussis,
508 3106 608 3176 quibus
623 3105 765 3178 Rudolphi
784 3109 929 3179 (Beitrlige
948 3127 998 3168 rur

128 3186 268 3267 Anthrop.
287 3205 316 3267 p.
335 3189 406 3262 150.)
425 3189 501 3252 illum
519 3191 687 3256 seutentiam
708 3193 889 3259 roiitiendan
906 3200 997 3275 putot,
