<?xml version="1.0" encoding="UTF-8"?>
<!DOCTYPE html PUBLIC "-//W3C//DTD XHTML 1.0 Transitional//EN"
    "http://www.w3.org/TR/xhtml1/DTD/xhtml1-transitional.dtd">
<html xmlns="http://www.w3.org/1999/xhtml" xml:lang="en" lang="en">
 <head>
  <title>
</title>
<meta http-equiv="Content-Type" content="text/html;charset=utf-8" />
  <meta name='ocr-system' content='tesseract 3.04.00' />
  <meta name='ocr-capabilities' content='ocr_page ocr_carea ocr_par ocr_line ocrx_word'/>
</head>
<body>
  <div class='ocr_page' id='page_1' title='image "./decommunietsimp00lipsgoog_0068.png"; bbox 0 0 2278 3760; ppageno 0'>
   <div class='ocr_carea' id='block_1_1' title="bbox 487 281 656 333">
    <p class='ocr_par' dir='ltr' id='par_1_1' title="bbox 487 281 656 333">
     <span class='ocr_line' id='line_1_1' title="bbox 487 281 656 333; baseline -0.006 -16"><span class='ocrx_word' id='word_1_1' title='bbox 487 281 656 333; x_wconf 67' lang='lat'>—259—</span> 
     </span>
    </p>
   </div>
   <div class='ocr_carea' id='block_1_2' title="bbox 133 429 1006 2798">
    <p class='ocr_par' dir='ltr' id='par_1_2' title="bbox 134 429 1006 2203">
     <span class='ocr_line' id='line_1_2' title="bbox 139 429 1004 501; baseline -0.003 -14"><span class='ocrx_word' id='word_1_2' title='bbox 139 432 239 499; x_wconf 83' lang='lat' dir='ltr'>veniu&#39;,</span> <span class='ocrx_word' id='word_1_3' title='bbox 264 445 353 500; x_wconf 83' lang='lat' dir='ltr'>aquo</span> <span class='ocrx_word' id='word_1_4' title='bbox 372 449 467 488; x_wconf 88' lang='lat' dir='ltr'>rursus</span> <span class='ocrx_word' id='word_1_5' title='bbox 484 431 648 487; x_wconf 75' lang='lat' dir='ltr'><strong>reducamur</strong></span> <span class='ocrx_word' id='word_1_6' title='bbox 665 431 700 486; x_wconf 87' lang='lat' dir='ltr'>ad</span> <span class='ocrx_word' id='word_1_7' title='bbox 724 431 871 501; x_wconf 86' lang='lat' dir='ltr'>pristinam</span> <span class='ocrx_word' id='word_1_8' title='bbox 894 429 1004 486; x_wconf 73' lang='lat' dir='ltr'>humaui</span> 
     </span>
     <span class='ocr_line' id='line_1_3' title="bbox 136 515 1004 586; baseline -0.002 -14"><span class='ocrx_word' id='word_1_9' title='bbox 136 517 250 586; x_wconf 87' lang='lat' dir='ltr'>generis</span> <span class='ocrx_word' id='word_1_10' title='bbox 276 517 421 572; x_wconf 88' lang='lat' dir='ltr'>unitatem.</span> <span class='ocrx_word' id='word_1_11' title='bbox 460 517 517 572; x_wconf 87' lang='lat' dir='ltr'>Tot</span> <span class='ocrx_word' id='word_1_12' title='bbox 539 521 569 570; x_wconf 88' lang='lat' dir='ltr'>et</span> <span class='ocrx_word' id='word_1_13' title='bbox 591 522 647 572; x_wconf 83' lang='lat' dir='ltr'>tum</span> <span class='ocrx_word' id='word_1_14' title='bbox 669 517 748 570; x_wconf 82' lang='lat' dir='ltr'>varis</span> <span class='ocrx_word' id='word_1_15' title='bbox 771 515 844 570; x_wconf 88' lang='lat' dir='ltr'>iuter</span> <span class='ocrx_word' id='word_1_16' title='bbox 867 515 1004 570; x_wconf 77' lang='lat' dir='ltr'>vanarum</span> 
     </span>
     <span class='ocr_line' id='line_1_4' title="bbox 136 598 1005 669; baseline -0.002 -13"><span class='ocrx_word' id='word_1_17' title='bbox 136 603 280 656; x_wconf 86' lang='lat' dir='ltr'>nationum</span> <span class='ocrx_word' id='word_1_18' title='bbox 299 618 409 656; x_wconf 87' lang='lat' dir='ltr'>venena</span> <span class='ocrx_word' id='word_1_19' title='bbox 426 617 509 656; x_wconf 89' lang='lat' dir='ltr'>unum</span> <span class='ocrx_word' id='word_1_20' title='bbox 527 601 611 669; x_wconf 89' lang='lat' dir='ltr'>idque</span> <span class='ocrx_word' id='word_1_21' title='bbox 631 606 735 656; x_wconf 89' lang='lat' dir='ltr'>certum</span> <span class='ocrx_word' id='word_1_22' title='bbox 753 616 817 656; x_wconf 90' lang='lat' dir='ltr'>csse</span> <span class='ocrx_word' id='word_1_23' title='bbox 835 600 908 667; x_wconf 84' lang='lat' dir='ltr'>dico,</span> <span class='ocrx_word' id='word_1_24' title='bbox 929 598 1005 667; x_wconf 87' lang='lat' dir='ltr'>qnod</span> 
     </span>
     <span class='ocr_line' id='line_1_5' title="bbox 137 684 1003 756; baseline -0.003 -15"><span class='ocrx_word' id='word_1_25' title='bbox 137 688 211 756; x_wconf 89' lang='lat' dir='ltr'>apud</span> <span class='ocrx_word' id='word_1_26' title='bbox 230 703 326 743; x_wconf 88' lang='lat' dir='ltr'>omues</span> <span class='ocrx_word' id='word_1_27' title='bbox 345 687 404 742; x_wconf 84' lang='lat' dir='ltr'>fere</span> <span class='ocrx_word' id='word_1_28' title='bbox 423 703 504 741; x_wconf 87' lang='lat' dir='ltr'>uuum</span> <span class='ocrx_word' id='word_1_29' title='bbox 521 685 625 741; x_wconf 84' lang='lat' dir='ltr'>habeut</span> <span class='ocrx_word' id='word_1_30' title='bbox 642 684 757 740; x_wconf 84' lang='lat' dir='ltr'>formam</span> <span class='ocrx_word' id='word_1_31' title='bbox 776 691 860 752; x_wconf 79' lang='lat' dir='ltr'>atque</span> <span class='ocrx_word' id='word_1_32' title='bbox 878 684 1003 752; x_wconf 83' lang='lat' dir='ltr'>figuram.</span> 
     </span>
     <span class='ocr_line' id='line_1_6' title="bbox 136 760 1006 842; baseline 0.001 -15"><span class='ocrx_word' id='word_1_33' title='bbox 136 773 189 837; x_wconf 81' lang='lat' dir='ltr'>Qui</span> <span class='ocrx_word' id='word_1_34' title='bbox 208 772 376 841; x_wconf 91' lang='lat' dir='ltr'>populorum</span> <span class='ocrx_word' id='word_1_35' title='bbox 394 773 430 826; x_wconf 91' lang='lat' dir='ltr'>de</span> <span class='ocrx_word' id='word_1_36' title='bbox 442 787 498 826; x_wconf 91' lang='lat' dir='ltr'>uno</span> <span class='ocrx_word' id='word_1_37' title='bbox 510 771 579 826; x_wconf 87' lang='lat' dir='ltr'>artis</span> <span class='ocrx_word' id='word_1_38' title='bbox 591 760 717 842; x_wconf 83' lang='lat' dir='ltr'>magicae</span> <span class='ocrx_word' id='word_1_39' title='bbox 730 789 840 828; x_wconf 87' lang='lat' dir='ltr'>veneno</span> <span class='ocrx_word' id='word_1_40' title='bbox 852 789 1006 828; x_wconf 72' lang='lat' dir='ltr'>consensus</span> 
     </span>
     <span class='ocr_line' id='line_1_7' title="bbox 135 857 1005 928; baseline 0.003 -19"><span class='ocrx_word' id='word_1_41' title='bbox 135 857 255 911; x_wconf 83' lang='lat' dir='ltr'>maxime</span> <span class='ocrx_word' id='word_1_42' title='bbox 275 861 304 910; x_wconf 88' lang='lat' dir='ltr'>et</span> <span class='ocrx_word' id='word_1_43' title='bbox 323 857 467 911; x_wconf 82' lang='lat' dir='ltr'>mirificum</span> <span class='ocrx_word' id='word_1_44' title='bbox 485 857 514 910; x_wconf 91' lang='lat' dir='ltr'>in</span> <span class='ocrx_word' id='word_1_45' title='bbox 525 859 636 914; x_wconf 88' lang='lat' dir='ltr'>modum</span> <span class='ocrx_word' id='word_1_46' title='bbox 650 859 743 914; x_wconf 86' lang='lat' dir='ltr'>elucet</span> <span class='ocrx_word' id='word_1_47' title='bbox 755 876 790 914; x_wconf 84' lang='lat' dir='ltr'>ex</span> <span class='ocrx_word' id='word_1_48' title='bbox 803 858 1005 928; x_wconf 80' lang='lat' dir='ltr'>superstitione</span> 
     </span>
     <span class='ocr_line' id='line_1_8' title="bbox 135 942 1004 1014; baseline 0.001 -19"><span class='ocrx_word' id='word_1_49' title='bbox 135 942 193 1009; x_wconf 88' lang='lat' dir='ltr'>illu,</span> <span class='ocrx_word' id='word_1_50' title='bbox 218 956 273 1010; x_wconf 88' lang='lat' dir='ltr'>qua</span> <span class='ocrx_word' id='word_1_51' title='bbox 291 949 419 998; x_wconf 88' lang='lat' dir='ltr'>cunctum</span> <span class='ocrx_word' id='word_1_52' title='bbox 437 943 497 999; x_wconf 83' lang='lat' dir='ltr'>fere</span> <span class='ocrx_word' id='word_1_53' title='bbox 516 942 663 998; x_wconf 90' lang='lat' dir='ltr'>humanum</span> <span class='ocrx_word' id='word_1_54' title='bbox 687 961 776 1014; x_wconf 86' lang='lat' dir='ltr'>genus</span> <span class='ocrx_word' id='word_1_55' title='bbox 799 949 844 999; x_wconf 87' lang='lat' dir='ltr'>est</span> <span class='ocrx_word' id='word_1_56' title='bbox 862 943 1004 1010; x_wconf 80' lang='lat' dir='ltr'>imbutum,</span> 
     </span>
     <span class='ocr_line' id='line_1_9' title="bbox 134 1026 1004 1099; baseline 0.001 -18"><span class='ocrx_word' id='word_1_57' title='bbox 134 1027 171 1081; x_wconf 91' lang='lat' dir='ltr'>de</span> <span class='ocrx_word' id='word_1_58' title='bbox 190 1026 310 1082; x_wconf 85' lang='lat' dir='ltr'>obscura</span> <span class='ocrx_word' id='word_1_59' title='bbox 328 1033 357 1081; x_wconf 91' lang='lat' dir='ltr'>et</span> <span class='ocrx_word' id='word_1_60' title='bbox 375 1027 511 1098; x_wconf 83' lang='lat' dir='ltr'>singulari</span> <span class='ocrx_word' id='word_1_61' title='bbox 530 1028 694 1098; x_wconf 85' lang='lat' dir='ltr'>capillorum</span> <span class='ocrx_word' id='word_1_62' title='bbox 716 1037 745 1086; x_wconf 88' lang='lat' dir='ltr'>et</span> <span class='ocrx_word' id='word_1_63' title='bbox 762 1030 895 1099; x_wconf 86' lang='lat' dir='ltr'>unguium</span> <span class='ocrx_word' id='word_1_64' title='bbox 913 1044 1004 1084; x_wconf 87' lang='lat' dir='ltr'>resec-</span> 
     </span>
     <span class='ocr_line' id='line_1_10' title="bbox 135 1111 1005 1184; baseline 0 -19"><span class='ocrx_word' id='word_1_65' title='bbox 135 1117 227 1165; x_wconf 85' lang='lat' dir='ltr'>tourm</span> <span class='ocrx_word' id='word_1_66' title='bbox 245 1111 283 1179; x_wconf 85' lang='lat' dir='ltr'>vi,</span> <span class='ocrx_word' id='word_1_67' title='bbox 307 1127 359 1180; x_wconf 91' lang='lat' dir='ltr'>pro</span> <span class='ocrx_word' id='word_1_68' title='bbox 376 1119 504 1182; x_wconf 87' lang='lat' dir='ltr'>tempore</span> <span class='ocrx_word' id='word_1_69' title='bbox 531 1119 580 1168; x_wconf 88' lang='lat' dir='ltr'>aut</span> <span class='ocrx_word' id='word_1_70' title='bbox 601 1114 736 1184; x_wconf 78' lang='lat' dir='ltr'>prodesse</span> <span class='ocrx_word' id='word_1_71' title='bbox 760 1121 809 1168; x_wconf 89' lang='lat' dir='ltr'>aut</span> <span class='ocrx_word' id='word_1_72' title='bbox 832 1129 933 1168; x_wconf 89' lang='lat' dir='ltr'>nocere</span> <span class='ocrx_word' id='word_1_73' title='bbox 957 1111 1005 1180; x_wconf 86' lang='lat' dir='ltr'>qui</span> 
     </span>
     <span class='ocr_line' id='line_1_11' title="bbox 135 1196 1005 1268; baseline 0.003 -19"><span class='ocrx_word' id='word_1_74' title='bbox 135 1196 295 1252; x_wconf 87' lang='lat' dir='ltr'>homiuibus</span> <span class='ocrx_word' id='word_1_75' title='bbox 322 1199 442 1267; x_wconf 81' lang='lat' dir='ltr'>possint.</span> <span class='ocrx_word' id='word_1_76' title='bbox 488 1200 565 1264; x_wconf 75' lang='lat' dir='ltr'>Quae</span> <span class='ocrx_word' id='word_1_77' title='bbox 588 1200 700 1268; x_wconf 87' lang='lat' dir='ltr'>quidem</span> <span class='ocrx_word' id='word_1_78' title='bbox 724 1199 889 1268; x_wconf 82' lang='lat' dir='ltr'>superstitio</span> <span class='ocrx_word' id='word_1_79' title='bbox 913 1213 1005 1266; x_wconf 75' lang='lat' dir='ltr'>quum,</span> 
     </span>
     <span class='ocr_line' id='line_1_12' title="bbox 134 1283 1005 1354; baseline -0.001 -16"><span class='ocrx_word' id='word_1_80' title='bbox 134 1290 166 1339; x_wconf 92' lang='lat' dir='ltr'>ut</span> <span class='ocrx_word' id='word_1_81' title='bbox 184 1285 268 1339; x_wconf 90' lang='lat' dir='ltr'>modo</span> <span class='ocrx_word' id='word_1_82' title='bbox 286 1285 547 1354; x_wconf 80' lang='lat' dir='ltr'>demonstrabimus,</span> <span class='ocrx_word' id='word_1_83' title='bbox 566 1284 649 1354; x_wconf 88' lang='lat' dir='ltr'>plane</span> <span class='ocrx_word' id='word_1_84' title='bbox 662 1290 692 1338; x_wconf 93' lang='lat' dir='ltr'>et</span> <span class='ocrx_word' id='word_1_85' title='bbox 707 1283 811 1351; x_wconf 87' lang='lat' dir='ltr'>ubique</span> <span class='ocrx_word' id='word_1_86' title='bbox 824 1283 1005 1353; x_wconf 74' lang='lat' dir='ltr'>occupaverit</span> 
     </span>
     <span class='ocr_line' id='line_1_13' title="bbox 134 1366 1003 1440; baseline -0.005 -16"><span class='ocrx_word' id='word_1_87' title='bbox 134 1370 265 1439; x_wconf 82' lang='lat' dir='ltr'>populos,</span> <span class='ocrx_word' id='word_1_88' title='bbox 289 1387 341 1440; x_wconf 90' lang='lat' dir='ltr'>pro</span> <span class='ocrx_word' id='word_1_89' title='bbox 360 1376 438 1425; x_wconf 89' lang='lat' dir='ltr'>certo</span> <span class='ocrx_word' id='word_1_90' title='bbox 457 1370 614 1426; x_wconf 90' lang='lat' dir='ltr'>habendum</span> <span class='ocrx_word' id='word_1_91' title='bbox 637 1386 700 1424; x_wconf 89' lang='lat' dir='ltr'>esse</span> <span class='ocrx_word' id='word_1_92' title='bbox 719 1369 826 1438; x_wconf 84' lang='lat' dir='ltr'>opinor,</span> <span class='ocrx_word' id='word_1_93' title='bbox 850 1366 920 1424; x_wconf 87' lang='lat' dir='ltr'>hano</span> <span class='ocrx_word' id='word_1_94' title='bbox 945 1368 1003 1438; x_wconf 89' lang='lat' dir='ltr'>opi-</span> 
     </span>
     <span class='ocr_line' id='line_1_14' title="bbox 134 1454 1005 1524; baseline 0 -16"><span class='ocrx_word' id='word_1_95' title='bbox 134 1455 247 1512; x_wconf 89' lang='lat' dir='ltr'>nionem</span> <span class='ocrx_word' id='word_1_96' title='bbox 260 1456 314 1509; x_wconf 85' lang='lat' dir='ltr'>iam</span> <span class='ocrx_word' id='word_1_97' title='bbox 323 1455 477 1524; x_wconf 89' lang='lat' dir='ltr'>primordio</span> <span class='ocrx_word' id='word_1_98' title='bbox 490 1471 588 1522; x_wconf 84' lang='lat' dir='ltr'>rerum,</span> <span class='ocrx_word' id='word_1_99' title='bbox 606 1468 690 1522; x_wconf 89' lang='lat' dir='ltr'>quum</span> <span class='ocrx_word' id='word_1_100' title='bbox 702 1454 823 1509; x_wconf 89' lang='lat' dir='ltr'>nondum</span> <span class='ocrx_word' id='word_1_101' title='bbox 836 1458 1005 1523; x_wconf 78' lang='lat' dir='ltr'>segregatae</span> 
     </span>
     <span class='ocr_line' id='line_1_15' title="bbox 135 1537 1005 1608; baseline 0 -16"><span class='ocrx_word' id='word_1_102' title='bbox 135 1543 241 1593; x_wconf 83' lang='lat' dir='ltr'>esseut·</span> <span class='ocrx_word' id='word_1_103' title='bbox 251 1545 352 1607; x_wconf 88' lang='lat' dir='ltr'>gentes</span> <span class='ocrx_word' id='word_1_104' title='bbox 371 1540 422 1594; x_wconf 90' lang='lat' dir='ltr'>sed</span> <span class='ocrx_word' id='word_1_105' title='bbox 440 1539 520 1607; x_wconf 78' lang='lat' dir='ltr'>qrrasi</span> <span class='ocrx_word' id='word_1_106' title='bbox 539 1541 620 1594; x_wconf 89' lang='lat' dir='ltr'>unius</span> <span class='ocrx_word' id='word_1_107' title='bbox 636 1539 760 1593; x_wconf 85' lang='lat' dir='ltr'>familiae</span> <span class='ocrx_word' id='word_1_108' title='bbox 780 1539 868 1593; x_wconf 86' lang='lat' dir='ltr'>instar</span> <span class='ocrx_word' id='word_1_109' title='bbox 884 1537 1005 1608; x_wconf 84' lang='lat' dir='ltr'>patriam</span> 
     </span>
     <span class='ocr_line' id='line_1_16' title="bbox 135 1623 1005 1692; baseline -0.002 -14"><span class='ocrx_word' id='word_1_110' title='bbox 135 1639 307 1678; x_wconf 84' lang='lat' dir='ltr'>communem</span> <span class='ocrx_word' id='word_1_111' title='bbox 325 1629 464 1691; x_wconf 84' lang='lat' dir='ltr'>tenerent,</span> <span class='ocrx_word' id='word_1_112' title='bbox 484 1640 546 1678; x_wconf 88' lang='lat' dir='ltr'>esse</span> <span class='ocrx_word' id='word_1_113' title='bbox 565 1631 663 1691; x_wconf 79' lang='lat' dir='ltr'>ortam,</span> <span class='ocrx_word' id='word_1_114' title='bbox 682 1641 717 1679; x_wconf 89' lang='lat' dir='ltr'>ex</span> <span class='ocrx_word' id='word_1_115' title='bbox 735 1624 821 1678; x_wconf 91' lang='lat' dir='ltr'>certis</span> <span class='ocrx_word' id='word_1_116' title='bbox 839 1623 1005 1692; x_wconf 81' lang='lat' dir='ltr'>qrribusdam</span> 
     </span>
     <span class='ocr_line' id='line_1_17' title="bbox 135 1707 1004 1779; baseline 0 -17"><span class='ocrx_word' id='word_1_117' title='bbox 135 1715 221 1777; x_wconf 87' lang='lat' dir='ltr'>atque</span> <span class='ocrx_word' id='word_1_118' title='bbox 240 1709 358 1763; x_wconf 88' lang='lat' dir='ltr'>secretis</span> <span class='ocrx_word' id='word_1_119' title='bbox 377 1709 484 1764; x_wconf 85' lang='lat' dir='ltr'>caussis</span> <span class='ocrx_word' id='word_1_120' title='bbox 506 1715 535 1763; x_wconf 90' lang='lat' dir='ltr'>et</span> <span class='ocrx_word' id='word_1_121' title='bbox 560 1715 616 1763; x_wconf 83' lang='lat' dir='ltr'>tam</span> <span class='ocrx_word' id='word_1_122' title='bbox 638 1710 752 1779; x_wconf 86' lang='lat' dir='ltr'>penitus</span> <span class='ocrx_word' id='word_1_123' title='bbox 776 1709 889 1764; x_wconf 88' lang='lat' dir='ltr'>insitam</span> <span class='ocrx_word' id='word_1_124' title='bbox 915 1707 1004 1762; x_wconf 84' lang='lat' dir='ltr'>fuisse</span> 
     </span>
     <span class='ocr_line' id='line_1_18' title="bbox 134 1792 1003 1864; baseline 0 -18"><span class='ocrx_word' id='word_1_125' title='bbox 134 1792 266 1860; x_wconf 89' lang='lat' dir='ltr'>moribus,</span> <span class='ocrx_word' id='word_1_126' title='bbox 288 1799 327 1862; x_wconf 86' lang='lat' dir='ltr'>ut,</span> <span class='ocrx_word' id='word_1_127' title='bbox 344 1792 503 1851; x_wconf 89' lang='lat' dir='ltr'>hominibus</span> <span class='ocrx_word' id='word_1_128' title='bbox 519 1811 571 1864; x_wconf 86' lang='lat' dir='ltr'>per</span> <span class='ocrx_word' id='word_1_129' title='bbox 588 1795 683 1850; x_wconf 88' lang='lat' dir='ltr'>orbem</span> <span class='ocrx_word' id='word_1_130' title='bbox 707 1801 841 1849; x_wconf 86' lang='lat' dir='ltr'>terrarum</span> <span class='ocrx_word' id='word_1_131' title='bbox 864 1793 1003 1862; x_wconf 87' lang='lat' dir='ltr'>evagatis,</span> 
     </span>
     <span class='ocr_line' id='line_1_19' title="bbox 135 1877 1003 1948; baseline -0.003 -15"><span class='ocrx_word' id='word_1_132' title='bbox 135 1877 250 1948; x_wconf 88' lang='lat' dir='ltr'>etipsa</span> <span class='ocrx_word' id='word_1_133' title='bbox 275 1878 301 1932; x_wconf 94' lang='lat' dir='ltr'>in</span> <span class='ocrx_word' id='word_1_134' title='bbox 326 1895 421 1933; x_wconf 88' lang='lat' dir='ltr'>omues</span> <span class='ocrx_word' id='word_1_135' title='bbox 448 1879 543 1933; x_wconf 89' lang='lat' dir='ltr'>muudi</span> <span class='ocrx_word' id='word_1_136' title='bbox 570 1879 702 1947; x_wconf 83' lang='lat' dir='ltr'>regiones</span> <span class='ocrx_word' id='word_1_137' title='bbox 729 1877 897 1934; x_wconf 84' lang='lat' dir='ltr'>delata&#39;sit.</span> <span class='ocrx_word' id='word_1_138' title='bbox 934 1877 1003 1933; x_wconf 88' lang='lat' dir='ltr'>Nam</span> 
     </span>
     <span class='ocr_line' id='line_1_20' title="bbox 134 1952 1003 2034; baseline -0.001 -17"><span class='ocrx_word' id='word_1_139' title='bbox 134 1977 274 2031; x_wconf 87' lang='lat' dir='ltr'>nunqua-m</span> <span class='ocrx_word' id='word_1_140' title='bbox 292 1963 352 2017; x_wconf 87' lang='lat' dir='ltr'>tieri</span> <span class='ocrx_word' id='word_1_141' title='bbox 371 1970 493 2034; x_wconf 80' lang='lat' dir='ltr'>poterat,</span> <span class='ocrx_word' id='word_1_142' title='bbox 511 1979 602 2032; x_wconf 84' lang='lat' dir='ltr'>neque</span> <span class='ocrx_word' id='word_1_143' title='bbox 620 1952 734 2034; x_wconf 79' lang='lat' dir='ltr'>poetica</span> <span class='ocrx_word' id='word_1_144' title='bbox 751 1963 870 2032; x_wconf 84' lang='lat' dir='ltr'>quadam</span> <span class='ocrx_word' id='word_1_145' title='bbox 887 1978 1003 2034; x_wconf 87' lang='lat' dir='ltr'>percep-</span> 
     </span>
     <span class='ocr_line' id='line_1_21' title="bbox 135 2046 1004 2117; baseline -0.002 -15"><span class='ocrx_word' id='word_1_146' title='bbox 135 2048 213 2103; x_wconf 91' lang='lat' dir='ltr'>tione</span> <span class='ocrx_word' id='word_1_147' title='bbox 239 2061 331 2115; x_wconf 88' lang='lat' dir='ltr'>neque</span> <span class='ocrx_word' id='word_1_148' title='bbox 359 2048 416 2102; x_wconf 83' lang='lat' dir='ltr'>alia</span> <span class='ocrx_word' id='word_1_149' title='bbox 442 2049 625 2117; x_wconf 84' lang='lat' dir='ltr'>cogitatione,</span> <span class='ocrx_word' id='word_1_150' title='bbox 654 2055 687 2104; x_wconf 91' lang='lat' dir='ltr'>ut</span> <span class='ocrx_word' id='word_1_151' title='bbox 713 2049 834 2104; x_wconf 91' lang='lat' dir='ltr'>omnium</span> <span class='ocrx_word' id='word_1_152' title='bbox 863 2046 1004 2102; x_wconf 89' lang='lat' dir='ltr'>homiuum</span> 
     </span>
     <span class='ocr_line' id='line_1_22' title="bbox 135 2131 1002 2203; baseline -0.005 -15"><span class='ocrx_word' id='word_1_153' title='bbox 135 2131 301 2203; x_wconf 87' lang='lat' dir='ltr'>superstitio</span> <span class='ocrx_word' id='word_1_154' title='bbox 321 2133 419 2188; x_wconf 86' lang='lat' dir='ltr'>cadem</span> <span class='ocrx_word' id='word_1_155' title='bbox 438 2141 516 2189; x_wconf 89' lang='lat' dir='ltr'>esset</span> <span class='ocrx_word' id='word_1_156' title='bbox 528 2135 563 2188; x_wconf 89' lang='lat' dir='ltr'>de</span> <span class='ocrx_word' id='word_1_157' title='bbox 577 2149 606 2188; x_wconf 91' lang='lat' dir='ltr'>re</span> <span class='ocrx_word' id='word_1_158' title='bbox 620 2139 676 2187; x_wconf 85' lang='lat' dir='ltr'>tam</span> <span class='ocrx_word' id='word_1_159' title='bbox 689 2133 824 2202; x_wconf 87' lang='lat' dir='ltr'>singulari</span> <span class='ocrx_word' id='word_1_160' title='bbox 838 2139 867 2187; x_wconf 92' lang='lat' dir='ltr'>et</span> <span class='ocrx_word' id='word_1_161' title='bbox 879 2131 1002 2187; x_wconf 83' lang='lat' dir='ltr'>insolita.</span> 
     </span>
    </p>

    <p class='ocr_par' dir='ltr' id='par_1_3' title="bbox 133 2215 1005 2798">
     <span class='ocr_line' id='line_1_23' title="bbox 204 2215 1005 2288; baseline -0.004 -16"><span class='ocrx_word' id='word_1_162' title='bbox 204 2215 355 2272; x_wconf 89' lang='lat' dir='ltr'>XXXVII.</span> <span class='ocrx_word' id='word_1_163' title='bbox 393 2219 501 2288; x_wconf 82' lang='lat' dir='ltr'>ltaque,</span> <span class='ocrx_word' id='word_1_164' title='bbox 526 2218 601 2287; x_wconf 88' lang='lat' dir='ltr'>quod</span> <span class='ocrx_word' id='word_1_165' title='bbox 624 2218 678 2272; x_wconf 87' lang='lat' dir='ltr'>iam</span> <span class='ocrx_word' id='word_1_166' title='bbox 697 2223 781 2272; x_wconf 87' lang='lat' dir='ltr'>antea</span> <span class='ocrx_word' id='word_1_167' title='bbox 801 2217 926 2284; x_wconf 80' lang='lat' dir='ltr'>fecimus,</span> <span class='ocrx_word' id='word_1_168' title='bbox 949 2217 1005 2270; x_wconf 91' lang='lat' dir='ltr'>iter</span> 
     </span>
     <span class='ocr_line' id='line_1_24' title="bbox 134 2301 1004 2373; baseline 0 -17"><span class='ocrx_word' id='word_1_169' title='bbox 134 2301 325 2371; x_wconf 84' lang='lat' dir='ltr'>ingrediamur</span> <span class='ocrx_word' id='word_1_170' title='bbox 357 2303 450 2359; x_wconf 89' lang='lat' dir='ltr'>denuo</span> <span class='ocrx_word' id='word_1_171' title='bbox 482 2319 534 2373; x_wconf 90' lang='lat' dir='ltr'>per</span> <span class='ocrx_word' id='word_1_172' title='bbox 565 2309 694 2358; x_wconf 90' lang='lat' dir='ltr'>cunctum</span> <span class='ocrx_word' id='word_1_173' title='bbox 733 2303 829 2358; x_wconf 90' lang='lat' dir='ltr'>orbem</span> <span class='ocrx_word' id='word_1_174' title='bbox 859 2309 1004 2368; x_wconf 77' lang='lat' dir='ltr'>terremin,</span> 
     </span>
     <span class='ocr_line' id='line_1_25' title="bbox 134 2385 1004 2458; baseline -0.002 -16"><span class='ocrx_word' id='word_1_175' title='bbox 134 2393 220 2456; x_wconf 81' lang='lat' dir='ltr'>atque</span> <span class='ocrx_word' id='word_1_176' title='bbox 253 2386 374 2444; x_wconf 88' lang='lat' dir='ltr'>disiecta</span> <span class='ocrx_word' id='word_1_177' title='bbox 404 2405 456 2458; x_wconf 88' lang='lat' dir='ltr'>per</span> <span class='ocrx_word' id='word_1_178' title='bbox 485 2405 581 2443; x_wconf 90' lang='lat' dir='ltr'>omues</span> <span class='ocrx_word' id='word_1_179' title='bbox 610 2387 732 2458; x_wconf 90' lang='lat' dir='ltr'>populos</span> <span class='ocrx_word' id='word_1_180' title='bbox 759 2386 900 2457; x_wconf 87' lang='lat' dir='ltr'>opinionis</span> <span class='ocrx_word' id='word_1_181' title='bbox 926 2385 1004 2440; x_wconf 90' lang='lat' dir='ltr'>illius</span> 
     </span>
     <span class='ocr_line' id='line_1_26' title="bbox 133 2470 1003 2543; baseline -0.003 -17"><span class='ocrx_word' id='word_1_182' title='bbox 133 2473 268 2540; x_wconf 80' lang='lat' dir='ltr'>membra,</span> <span class='ocrx_word' id='word_1_183' title='bbox 299 2473 378 2541; x_wconf 88' lang='lat' dir='ltr'>quasi</span> <span class='ocrx_word' id='word_1_184' title='bbox 414 2473 537 2543; x_wconf 90' lang='lat' dir='ltr'>depositi</span> <span class='ocrx_word' id='word_1_185' title='bbox 569 2472 665 2543; x_wconf 85' lang='lat' dir='ltr'>capilli</span> <span class='ocrx_word' id='word_1_186' title='bbox 698 2477 781 2540; x_wconf 85' lang='lat' dir='ltr'>atque</span> <span class='ocrx_word' id='word_1_187' title='bbox 811 2487 920 2540; x_wconf 86' lang='lat' dir='ltr'>ungues</span> <span class='ocrx_word' id='word_1_188' title='bbox 947 2470 1003 2524; x_wconf 88' lang='lat' dir='ltr'>vim</span> 
     </span>
     <span class='ocr_line' id='line_1_27' title="bbox 133 2557 1004 2627; baseline -0.003 -17"><span class='ocrx_word' id='word_1_189' title='bbox 133 2557 272 2625; x_wconf 87' lang='lat' dir='ltr'>quandam</span> <span class='ocrx_word' id='word_1_190' title='bbox 295 2559 432 2627; x_wconf 86' lang='lat' dir='ltr'>magicam</span> <span class='ocrx_word' id='word_1_191' title='bbox 455 2557 589 2625; x_wconf 74' lang='lat' dir='ltr'>habeant,</span> <span class='ocrx_word' id='word_1_192' title='bbox 620 2557 786 2627; x_wconf 83' lang='lat' dir='ltr'>colligamus</span> <span class='ocrx_word' id='word_1_193' title='bbox 809 2570 897 2624; x_wconf 82' lang='lat' dir='ltr'>eaque</span> <span class='ocrx_word' id='word_1_194' title='bbox 920 2571 1004 2608; x_wconf 89' lang='lat' dir='ltr'>unum</span> 
     </span>
     <span class='ocr_line' id='line_1_28' title="bbox 134 2641 1002 2712; baseline 0 -18"><span class='ocrx_word' id='word_1_195' title='bbox 134 2641 163 2694; x_wconf 90' lang='lat' dir='ltr'>in</span> <span class='ocrx_word' id='word_1_196' title='bbox 181 2657 283 2710; x_wconf 86' lang='lat' dir='ltr'>corpus</span> <span class='ocrx_word' id='word_1_197' title='bbox 302 2643 470 2712; x_wconf 84' lang='lat' dir='ltr'>redigamus,</span> <span class='ocrx_word' id='word_1_198' title='bbox 489 2659 524 2698; x_wconf 84' lang='lat' dir='ltr'>ex</span> <span class='ocrx_word' id='word_1_199' title='bbox 542 2658 598 2712; x_wconf 88' lang='lat' dir='ltr'>quo</span> <span class='ocrx_word' id='word_1_200' title='bbox 621 2659 724 2698; x_wconf 88' lang='lat' dir='ltr'>novum</span> <span class='ocrx_word' id='word_1_201' title='bbox 742 2641 905 2698; x_wconf 85' lang='lat' dir='ltr'>conficiatur</span> <span class='ocrx_word' id='word_1_202' title='bbox 922 2655 1002 2708; x_wconf 85' lang='lat' dir='ltr'>argu·</span> 
     </span>
     <span class='ocr_line' id='line_1_29' title="bbox 133 2727 1003 2798; baseline 0.003 -19"><span class='ocrx_word' id='word_1_203' title='bbox 133 2731 257 2780; x_wconf 87' lang='lat' dir='ltr'>mentum</span> <span class='ocrx_word' id='word_1_204' title='bbox 276 2727 402 2796; x_wconf 90' lang='lat' dir='ltr'>opinioni</span> <span class='ocrx_word' id='word_1_205' title='bbox 415 2734 529 2782; x_wconf 85' lang='lat' dir='ltr'>nostrae</span> <span class='ocrx_word' id='word_1_206' title='bbox 544 2728 652 2797; x_wconf 85' lang='lat' dir='ltr'>favens,</span> <span class='ocrx_word' id='word_1_207' title='bbox 671 2734 771 2798; x_wconf 88' lang='lat' dir='ltr'>gentes</span> <span class='ocrx_word' id='word_1_208' title='bbox 785 2743 881 2784; x_wconf 89' lang='lat' dir='ltr'>omues</span> <span class='ocrx_word' id='word_1_209' title='bbox 895 2741 950 2780; x_wconf 87' lang='lat' dir='ltr'>una</span> <span class='ocrx_word' id='word_1_210' title='bbox 968 2741 1003 2782; x_wconf 84' lang='lat' dir='ltr'>ex</span> 
     </span>
    </p>
   </div>
   <div class='ocr_carea' id='block_1_3' title="bbox 134 2811 1044 2890">
    <p class='ocr_par' dir='ltr' id='par_1_4' title="bbox 134 2811 1044 2890">
     <span class='ocr_line' id='line_1_30' title="bbox 134 2811 1044 2890; baseline -0.002 -24"><span class='ocrx_word' id='word_1_211' title='bbox 134 2811 244 2879; x_wconf 89' lang='lat' dir='ltr'>origiue</span> <span class='ocrx_word' id='word_1_212' title='bbox 264 2827 417 2866; x_wconf 86' lang='lat' dir='ltr'>emanasse.</span> <span class='ocrx_word' id='word_1_213' title='bbox 460 2811 661 2882; x_wconf 86' lang='lat' dir='ltr'>Superstitioni</span> <span class='ocrx_word' id='word_1_214' title='bbox 686 2819 779 2868; x_wconf 83' lang='lat' dir='ltr'>autem</span> <span class='ocrx_word' id='word_1_215' title='bbox 797 2811 840 2866; x_wconf 91' lang='lat' dir='ltr'>illi</span> <span class='ocrx_word' id='word_1_216' title='bbox 858 2812 894 2866; x_wconf 88' lang='lat' dir='ltr'>de</span> <span class='ocrx_word' id='word_1_217' title='bbox 912 2811 941 2865; x_wconf 91' lang='lat' dir='ltr'>vi</span> <span class='ocrx_word' id='word_1_218' title='bbox 959 2825 1002 2864; x_wconf 89' lang='lat' dir='ltr'>ca·</span> <span class='ocrx_word' id='word_1_219' title='bbox 1038 2877 1044 2890; x_wconf 33' lang='grc' dir='ltr'><em>ι</em></span> 
     </span>
    </p>
   </div>
   <div class='ocr_carea' id='block_1_4' title="bbox 133 2895 1006 3312">
    <p class='ocr_par' dir='ltr' id='par_1_5' title="bbox 133 2895 1006 3312">
     <span class='ocr_line' id='line_1_31' title="bbox 134 2895 1003 2966; baseline 0.003 -18"><span class='ocrx_word' id='word_1_220' title='bbox 134 2895 266 2964; x_wconf 81' lang='lat' dir='ltr'>pillarum</span> <span class='ocrx_word' id='word_1_221' title='bbox 286 2897 455 2965; x_wconf 87' lang='lat' dir='ltr'>unguiumve</span> <span class='ocrx_word' id='word_1_222' title='bbox 481 2898 541 2951; x_wconf 88' lang='lat' dir='ltr'>veri</span> <span class='ocrx_word' id='word_1_223' title='bbox 565 2897 672 2966; x_wconf 85' lang='lat' dir='ltr'>aliquid</span> <span class='ocrx_word' id='word_1_224' title='bbox 696 2898 852 2954; x_wconf 87' lang='lat' dir='ltr'>subiectum</span> <span class='ocrx_word' id='word_1_225' title='bbox 875 2913 938 2952; x_wconf 87' lang='lat' dir='ltr'>esse</span> <span class='ocrx_word' id='word_1_226' title='bbox 962 2895 1003 2951; x_wconf 84' lang='lat' dir='ltr'>ri-</span> 
     </span>
     <span class='ocr_line' id='line_1_32' title="bbox 134 2980 1004 3052; baseline 0.002 -18"><span class='ocrx_word' id='word_1_227' title='bbox 134 2981 232 3034; x_wconf 86' lang='lat' dir='ltr'>demus</span> <span class='ocrx_word' id='word_1_228' title='bbox 252 2997 287 3034; x_wconf 87' lang='lat' dir='ltr'>ex</span> <span class='ocrx_word' id='word_1_229' title='bbox 306 2980 370 3050; x_wconf 80' lang='lat' dir='ltr'>lege</span> <span class='ocrx_word' id='word_1_230' title='bbox 389 2981 418 3035; x_wconf 93' lang='lat' dir='ltr'>in</span> <span class='ocrx_word' id='word_1_231' title='bbox 436 2981 523 3037; x_wconf 83' lang='lat' dir='ltr'>sacris</span> <span class='ocrx_word' id='word_1_232' title='bbox 541 2982 632 3038; x_wconf 89' lang='lat' dir='ltr'>literis</span> <span class='ocrx_word' id='word_1_233' title='bbox 649 2984 797 3052; x_wconf 86' lang='lat' dir='ltr'>proposita</span> <span class='ocrx_word' id='word_1_234' title='bbox 809 2984 899 3048; x_wconf 81' lang='lat' dir='ltr'>(Num.</span> <span class='ocrx_word' id='word_1_235' title='bbox 912 2984 937 3050; x_wconf 79' lang='lat'>6,</span> <span class='ocrx_word' id='word_1_236' title='bbox 951 2982 1004 3049; x_wconf 83' lang='grc'>18.)</span> 
     </span>
     <span class='ocr_line' id='line_1_33' title="bbox 134 3062 1004 3143; baseline 0.006 -25"><span class='ocrx_word' id='word_1_237' title='bbox 134 3067 183 3118; x_wconf 77' lang='grc' dir='ltr'>καὶ</span> <span class='ocrx_word' id='word_1_238' title='bbox 202 3062 349 3139; x_wconf 64' lang='lat' dir='ltr'>§apricum</span> <span class='ocrx_word' id='word_1_239' title='bbox 367 3064 384 3120; x_wconf 78' lang='grc' dir='ltr'><em>ὅ</em></span> <span class='ocrx_word' id='word_1_240' title='bbox 400 3066 539 3134; x_wconf 69' lang='grc' dir='ltr'>ηὔγμίνος</span> <span class='ocrx_word' id='word_1_241' title='bbox 557 3066 637 3142; x_wconf 73' lang='grc' dir='ltr'>παρὰ</span> <span class='ocrx_word' id='word_1_242' title='bbox 658 3067 705 3130; x_wconf 76' lang='grc' dir='ltr'>τὰς</span> <span class='ocrx_word' id='word_1_243' title='bbox 727 3067 820 3143; x_wconf 68' lang='grc' dir='ltr'><strong><em>θύρας</em></strong></span> <span class='ocrx_word' id='word_1_244' title='bbox 837 3076 883 3134; x_wconf 78' lang='grc' dir='ltr'>τῆς</span> <span class='ocrx_word' id='word_1_245' title='bbox 902 3075 1004 3134; x_wconf 81' lang='grc' dir='ltr'><strong><em>σκηνῆς</em></strong></span> 
     </span>
     <span class='ocr_line' id='line_1_34' title="bbox 134 3149 1003 3227; baseline 0.003 -24"><span class='ocrx_word' id='word_1_246' title='bbox 134 3159 181 3204; x_wconf 82' lang='lat' dir='ltr'>rori</span> <span class='ocrx_word' id='word_1_247' title='bbox 208 3161 365 3226; x_wconf 77' lang='grc' dir='ltr'><em>μαρτυρίου</em></span> <span class='ocrx_word' id='word_1_248' title='bbox 393 3149 443 3218; x_wconf 69' lang='grc' dir='ltr'>τήν</span> <span class='ocrx_word' id='word_1_249' title='bbox 476 3151 603 3226; x_wconf 63' lang='grc' dir='ltr'><em>κεφαλήν</em></span> <span class='ocrx_word' id='word_1_250' title='bbox 635 3160 681 3220; x_wconf 76' lang='grc' dir='ltr'>τῆς</span> <span class='ocrx_word' id='word_1_251' title='bbox 714 3155 800 3227; x_wconf 54' lang='lat' dir='ltr'>stipsis</span> <span class='ocrx_word' id='word_1_252' title='bbox 836 3155 922 3208; x_wconf 74' lang='lat' dir='ltr'>oritoni</span> <span class='ocrx_word' id='word_1_253' title='bbox 955 3155 1003 3208; x_wconf 76' lang='grc' dir='ltr'>καὶ</span> 
     </span>
     <span class='ocr_line' id='line_1_35' title="bbox 133 3233 1006 3312; baseline 0.006 -24"><span class='ocrx_word' id='word_1_254' title='bbox 133 3233 264 3305; x_wconf 67' lang='grc' dir='ltr'>ἐπιθήσει</span> <span class='ocrx_word' id='word_1_255' title='bbox 283 3235 330 3296; x_wconf 75' lang='grc' dir='ltr'>τὰς</span> <span class='ocrx_word' id='word_1_256' title='bbox 347 3246 450 3312; x_wconf 81' lang='grc' dir='ltr'><em>τρίχας</em></span> <span class='ocrx_word' id='word_1_257' title='bbox 462 3239 508 3292; x_wconf 72' lang='lat' dir='ltr'>ini</span> <span class='ocrx_word' id='word_1_258' title='bbox 526 3237 556 3294; x_wconf 73' lang='lat' dir='ltr'>rui</span> <span class='ocrx_word' id='word_1_259' title='bbox 575 3244 630 3312; x_wconf 76' lang='grc' dir='ltr'>πῦρ</span> <span class='ocrx_word' id='word_1_260' title='bbox 649 3237 754 3295; x_wconf 70' lang='lat' dir='ltr'>tecm</span> <span class='ocrx_word' id='word_1_261' title='bbox 770 3237 824 3294; x_wconf 70' lang='lat' dir='ltr'>rino</span> <span class='ocrx_word' id='word_1_262' title='bbox 837 3237 887 3306; x_wconf 73' lang='grc' dir='ltr'>τήν</span> <span class='ocrx_word' id='word_1_263' title='bbox 898 3242 1006 3296; x_wconf 69' lang='grc' dir='ltr'>θυσίαν</span> 
     </span>
    </p>
   </div>
   <div class='ocr_carea' id='block_1_5' title="bbox 0 0 1144 3760">
    <p class='ocr_par' dir='ltr' id='par_1_6' title="bbox 0 0 1144 3760">
     <span class='ocr_line' id='line_1_36' title="bbox 0 0 1144 3760; baseline 0 0"><span class='ocrx_word' id='word_1_264' title='bbox 0 0 1144 3760; x_wconf 95' lang='lat' dir='ltr'> </span> 
     </span>
    </p>
   </div>
  </div>
 </body>
</html>
