2278 3760
493 248 663 302 -60-

144 409 191 456 τοῦ
215 411 375 472 saraptae„
401 401 462 466 Qua
483 401 511 454 in
535 399 599 467 lege
625 399 668 454 vir
691 403 880 464 consecratus,
904 399 1015 454 exactis

143 487 244 542 diebus
262 485 491 552 consecrationis,
509 483 628 554 capillos
647 483 790 552 deponere
809 471 902 537 iussus
921 489 1016 538 estet

144 571 274 628 sacrificii
301 572 367 640 igne
399 572 570 627 comburere.
622 569 721 636 ltaque
749 567 868 622 maxima
897 565 943 620 hic
970 575 1016 622 est

144 657 241 712 habita
252 658 325 711 ratio
338 656 510 726 capillorum,
523 654 599 724 quud
610 652 723 720 quidem
735 659 916 727 praeceptum
929 652 1015 722 plane

144 743 226 798 uliam
244 741 331 796 habet
348 741 472 811 speciem
489 756 571 808 quam
596 739 670 795 forte
688 739 794 794 iussum
818 737 889 792 illud
914 739 950 792 de
969 755 1013 792 ca-

143 827 221 896 pillis
244 826 443 896 promittendis
469 832 518 881 aut
540 827 716 895 deponendis
742 826 770 880 iu
794 825 1013 894 propinquorum

144 913 287 980 mortibus,
312 913 377 980 quia
398 910 452 966 hcc
475 910 626 966 manifesto
649 910 762 966 videtur
787 910 1014 978 luctus'siguum

144 1013 216 1062 esse,
240 1009 324 1063 quum
343 994 420 1050 illius
439 1012 539 1050 caussa
556 1002 640 1064 ablue
659 996 741 1064 origo
765 996 855 1050 miuus
879 995 1014 1063 cognosci

143 1081 243 1150 possit,
262 1079 316 1136 uisi
329 1080 358 1134 id
370 1080 482 1148 quidem
496 1081 663 1150 putabimus,
680 1085 793 1150 practer
811 1080 882 1134 alias
900 1096 1015 1136 caussas

144 1182 205 1220 eum
215 1170 339 1220 secretas
349 1171 407 1220 turn
421 1165 603 1234 gravissimas
615 1195 647 1204 -
660 1182 724 1218 nam
742 1182 777 1220 ex
787 1164 932 1220 Talmudis
952 1181 1013 1219 sen-

144 1249 234 1304 tcntia
252 1249 287 1314 (N
290 1249 365 1304 eder.
379 1267 406 1318 p.
420 1249 485 1317 ab.)
498 1250 563 1304 cirri
582 1257 611 1304 et
624 1250 720 1320 capilli
736 1249 866 1306 submissi
881 1265 1016 1304 summam

143 1335 305 1404 significant
323 1335 481 1404 superbiam
500 1336 596 1403 itaque
615 1335 659 1390 vir
676 1341 856 1390 consecratus
881 1335 1015 1404 capillum

143 1421 352 1490 primoquidem
361 1420 529 1476 submittens
540 1427 597 1475 turn
613 1437 681 1476 vero
695 1422 837 1488 decidens,
848 1423 1016 1478 modestiam

143 1522 219 1560 snam
245 1506 273 1558 in
300 1510 455 1560 creatorem
478 1506 700 1575 omnipotentem
722 1507 872 1576 prolitetur
895 1537 927 1546 α
954 1524 1015 1562 earn

143 1587 254 1657 quoque
273 1589 434 1658 opinionem
452 1589 480 1643 in
498 1590 534 1645 iis
553 1606 617 1645 esse
636 1591 828 1652 absconditam
847 1592 882 1662 de
898 1592 1017 1646 mirifica

144 1681 174 1728 et
200 1673 336 1742 singulari
362 1674 527 1744 capillorum
550 1675 708 1730 decisorum
732 1677 769 1730 vi.
816 1678 893 1742 Quae
918 1677 1016 1747 opinio

144 1758 247 1813 clarius
265 1759 350 1814 ctiam
369 1766 413 1814 est
430 1759 579 1828 proposita
599 1761 627 1816 in
652 1760 771 1818 historia
793 1761 843 1818 illa
867 1764 1017 1818 notissima

144 1844 179 1897 de
199 1843 335 1910 sansone,
355 1844 399 1898 cui
418 1845 519 1898 coniux
543 1845 738 1914 perfidissimi,
763 1863 781 1900 a
798 1844 1016 1901 Philistaeorum

143 1928 318 1996 principibus
342 1922 487 1997 corrupta,
512 1929 599 1984 cirros
622 1929 756 1984 decidens
781 1929 858 1994 (lud.
886 1930 925 1998 le,
952 1931 1016 1998 m),

144 2013 274 2081 ingentes
288 2013 414 2082 corporis
428 2013 503 2068 vires
516 2013 609 2082 eripit,
627 2013 832 2081 quibusadhuc
844 2013 1017 2068 Philistaeos

57 2121 59 2126 ·
139 2097 228 2152 ,valde
248 2104 403 2152 vexaverat
421 2105 505 2166 atque
524 2097 718 2152 infestaverat.
764 2097 801 2152 Ut
820 2105 913 2152 autem
931 2115 1016 2166 porro

145 2179 265 2238 traditur
290 2184 368 2249 (ibid.
396 2185 435 2251 16,
457 2184 511 2249 ll.)
537 2182 748 2238 renascentibus
770 2180 881 2251 capillis
905 2181 1016 2236 Simson

145 2268 292 2336 pristinum
312 2269 414 2339 recipit
432 2269 523 2335 robur,
546 2267 625 2322 euius
647 2283 702 2336 ope
720 2265 855 2332 interficit
878 2257 940 2334 ipse
958 2282 1016 2320 mo·

144 2354 248 2408 ritums
270 2369 398 2421 magnam
422 2353 478 2407 vim
502 2351 633 2406 hostium.
683 2349 786 2420 Capilli
813 2366 881 2418 crgo
903 2349 1015 2418 maximi

145 2443 210 2492 sunt
236 2438 369 2492 momenti
393 2437 421 2492 in
446 2437 584 2506 augendis
607 2443 656 2492 aut
678 2435 866 2493 diminuendis
890 2435 1016 2505 corporis

145 2522 261 2578 viribus.
298 2523 362 2578 Pari
381 2528 475 2578 autem
493 2523 576 2577 modo
595 2527 626 2576 ut
652 2522 687 2576 dc
712 2520 884 2589 capillorum,
912 2521 954 2574 ita
980 2521 1016 2574 de

145 2607 278 2674 unguium
297 2621 408 2677 quoque
427 2613 598 2663 resectornm
612 2607 729 2676 ¹magica
752 2607 870 2674 quadam
894 2606 922 2660 vi
941 2606 1016 2676 apud

146 2692 267 2747 ludaeos
293 2683 450 2759 invenimus
481 2690 552 2747 hanc
582 2692 751 2761 opinionem.
798 2691 867 2746 Nam
898 2689 1017 2744 Talmud

146 2777 249 2842 (Nidus
267 2777 316 2831 fol.
336 2778 406 2843 lla.)
426 2777 602 2846 praescribit,
627 2793 663 2831 ne
686 2792 796 2844 ungues
820 2775 923 2830 resecti
946 2775 1016 2830 deii-

146 2862 255 2916 ciantur
273 2863 323 2918 sed
341 2863 437 2932 potius
456 2863 652 2918 comburuntur
675 2861 715 2928 „is
734 2860 882 2926 enimait,
901 2860 948 2928 qui
968 2877 1016 2913 un-

146 2961 217 3014 gues
235 2952 361 3002 resectos
379 2947 503 3001 occultat
521 2952 567 3002 est
590 2946 681 3002 iustus
704 2945 756 3012 vir,
778 2958 849 3012 quos
872 2944 919 3012 qui
944 2961 1017 3000 com-

146 3031 222 3089 burit
239 3032 314 3102 pium
333 3032 446 3088 nomino
465 3033 563 3098 virum,
587 3031 635 3098 qui
659 3047 709 3086 eos
732 3029 832 3084 deiicit
849 3034 879 3082 et
903 3028 1018 3095 amittit,

146 3116 288 3186 improbus
316 3118 386 3172 cst.“
429 3117 482 3182 Qui
509 3117 588 3171 locus
615 3131 650 3169 ex
677 3113 812 3169 Talmude
841 3111 886 3166 hie
912 3112 1017 3167 allatus

146 3200 309 3259 nouaclum
328 3201 463 3258 certiores
481 3217 532 3256 nos
551 3199 620 3255 facit
644 3198 786 3270 opinionis
804 3197 889 3266 illius,
917 3197 1017 3254 ludae-
