2278 3760
506 288 675 360 -35',

227 455 269 510 Ea
287 457 399 527 quidem
417 473 447 512 re
466 457 562 512 differt
580 457 675 514 fabula
692 457 721 512 in
734 455 907 525 Bhagawata
924 455 960 511 ab
978 454 1028 510 illa

157 541 413 598 intraha-anenata
430 543 466 597 de
484 542 593 598 diluvio
611 548 747 611 enarrata,
766 541 842 611 quod
859 539 1026 595 Mane-Rha-

156 630 218 679 rata
235 641 326 695 neque
345 623 486 682 Vedarum
508 628 543 683 ab
562 627 726 697 Hayagriva
749 626 927 695 abreptarum
951 640 1025 680 men·

157 709 262 764 tionem
288 709 366 779 feeit,
392 727 482 779 neque
500 727 517 764 a
535 710 669 766 Wisehno
695 709 765 764 dicit
791 714 931 764 servatum
963 723 1026 767 ease

156 795 267 849 Manum
285 796 335 850 sed
348 811 365 849 a
376 795 504 864 Brahma,
522 796 569 865 qui
588 812 688 851 navem
706 811 723 850 a
739 794 866 865 principe
885 793 935 849 illo
946 811 1025 849 exor-

155 879 215 934 nari
232 881 360 950 jusserit,
379 897 462 950 quum
486 883 515 936 in
532 881 706 950 Bhagawata
724 882 805 936 deum
824 881 915 951 ipsum
934 897 1026 935 aream

155 963 277 1034 principi
296 965 447 1020 adduxisse
466 965 594 1034 legimus.

224 1049 288 1104 XX.
314 1049 413 1103 Mirum
436 1049 557 1118 videtur,
584 1049 660 1119 quod
678 1051 790 1116 Persae,
817 1065 879 1103 eum
902 1049 967 1103 aliis
989 1049 1025 1102 de

155 1133 239 1190 rebus
257 1151 312 1189 uon
331 1140 444 1189 eareant
465 1135 577 1203 fabulis,
601 1135 637 1189 de
661 1133 769 1189 diluvio
793 1149 908 1203 parvam
931 1139 1025 1188 tamen

154 1225 239 1288 atque
258 1219 396 1288 exiguam,
419 1219 525 1276 habent
541 1220 738 1275 narrationem.
781 1219 858 1284 Quae
880 1219 909 1272 in
928 1235 1023 1273 eorum

155 1303 247 1360 literis
265 1305 352 1361 saeris
370 1304 421 1360 hae
434 1306 469 1360 de
482 1322 512 1360 re
525 1305 616 1360 relata
628 1303 793 1372 invenimus,
812 1304 1023 1381 qualiaeumque

154 1386 227 1459 aunt,
249 1407 284 1446 ne
303 1391 371 1460 quid
389 1391 575 1459 desideretur,
596 1389 642 1444 hie
660 1389 803 1444 afferenda
827 1405 890 1444 esse
909 1404 1021 1444 eenueo.

152 1475 215 1530 iliis
233 1476 353 1544 omiaais,
380 1492 451 1545 quae
471 1481 559 1530 totam
582 1493 633 1546 per
650 1476 788 1531 Areatam
810 1475 939 1544 dispersa
961 1481 1025 1530 aunt

152 1560 250 1630 paucis
278 1561 373 1616 verbis
391 1561 427 1615 de
445 1560 613 1629 gravissime
638 1559 688 1614 illo
706 1559 800 1613 mundi
820 1559 909 1614 exitio
927 1559 1025 1624 relata,

153 1644 248 1714 aptius
266 1642 333 1698 mihi
352 1639 466 1699 videtur
489 1644 525 1698 ad
543 1643 811 1699 commemorandum
834 1644 863 1698 id
881 1644 956 1712 quod
974 1661 1024 1714 po-

152 1728 276 1784 steritati
289 1727 407 1784 tradidit
416 1729 451 1783 de
461 1729 569 1783 diluvio
583 1727 655 1783 liber
666 1727 724 1796 ille,
738 1744 754 1782 a
766 1729 861 1783 Persia
871 1729 1025 1783 seeundum

152 1815 291 1870 Avertam
321 1819 350 1867 et
381 1813 592 1882 antiquissimus
622 1812 734 1868 habitus
768 1818 797 1867 et
830 1813 1026 1870 sanctissimus

152 1897 252 1963 cultus,
271 1894 485 1962 Bun-Deheaeh,
504 1897 571 1966 quia
587 1895 633 1950 hic
652 1899 681 1951 et
699 1895 788 1952 fusius
808 1903 837 1952 et
855 1897 943 1953 multo
958 1913 1024 1953 eon-

151 1981 288 2036 tinentiua
307 1987 452 2035 narrantur
462 1997 503 2049 ea,
523 1997 593 2050 quae
607 1982 643 2036 ad
655 1980 776 2036 fabulam
789 1982 825 2036 de
838 1983 946 2039 diluvio
959 1999 1024 2054 per-

151 2067 252 2122 tinent.
281 2066 389 2120 Ibidem
400 2066 624 2136 (Bun-Deheeeh,
643 2067 843 2124 ZeudAveeta
856 2087 882 2124 r.
895 2069 1026 2125 Kleuker

151 2153 205 2208 111.
224 2170 252 2223 p.
263 2154 306 2207 68.
326 2156 341 2216 ξ
359 2152 520 2221 i.)',Beide
539 2152 684 2218 (Ahriman
703 2159 732 2207 et
751 2153 881 2221 Ormuzd)
900 2155 1024 2210 wirkten

151 2238 198 2293 die
224 2237 388 2308 Sahiipiung
411 2238 461 2293 dea
484 2239 621 2306 Waeaers,
649 2238 691 2293 als
717 2237 837 2292 nemlieh
863 2240 914 2294 der
938 2239 1024 2296 Stern

151 2321 289 2378 Taaehter
317 2321 450 2393 (Tietrya,
478 2322 515 2376 im
531 2323 626 2378 Krebs
656 2337 721 2388 war,
748 2322 815 2377 fleas
841 2323 957 2378 Waaser
983 2325 1023 2379 im

151 2407 286 2465 Khordeh
300 2405 406 2462 Avreh.
443 2407 498 2460 Am
511 2407 598 2476 Tage,
616 2408 653 2462 da
670 2407 721 2462 der
736 2407 825 2462 Feind
844 2408 880 2461 im
894 2409 1022 2466 Waaser·

151 2492 249 2562 gebiet
267 2491 365 2547 aeiuen
383 2490 457 2545 Laus
472 2489 560 2559 hatte,
584 2489 685 2545 kehrte
704 2489 841 2556 Taaehter
861 2492 912 2546 auf
927 2494 1023 2548 aeiuer
1132 2485 1133 2502 ,

150 2574 230 2631 Bahn
249 2575 353 2630 zuriiek
371 2575 427 2630 und
446 2573 542 2630 sehien
554 2575 591 2628 im
604 2574 719 2630 Kordelr
732 2573 829 2631 Avreh
847 2581 1022 2649 westwdrta3
1132 2587 1133 2590 ’

150 2663 224 2717 deun
243 2661 328 2733 jeder
345 2661 441 2715 Manat
464 2659 513 2714 hat
536 2660 597 2715 sein
615 2659 736 2715 Zeiehen
754 2661 916 2716 besonders.
961 2663 1023 2717 Der

150 2747 296 2802 Tirmonat
319 2746 357 2800 iet
380 2746 431 2800 der
454 2745 546 2801 vierte
573 2747 624 2801 des
648 2744 764 2814 Jahreu3
791 2746 842 2800 der
864 2745 957 2803 Krebs
981 2748 1022 2803 iet

149 2833 257 2888 viertee
284 2829 403 2886 Zeiehen
431 2847 494 2886 vom
521 2831 616 2884 Lamm
643 2829 687 2884 bia
714 2829 803 2884 selbst
830 2847 891 2885 zum
916 2833 1019 2889 Kreba

150 2917 214 2972 Wie
233 2915 370 2972 Taaehter
387 2917 481 2972 dieses
500 2915 620 2970 Zeiehen
644 2913 761 2969 beriiirrt
784 2913 871 2984 hatte,
896 2916 964 2972 lieas
989 2933 1022 2972 er

150 3002 249 3070 Regen
261 2999 399 3070 kommen,
417 3002 468 3056 der
480 3001 565 3054 Allen
577 2999 760 3055 Waehathum
773 3001 836 3070 gibt
848 3001 905 3055 und
917 3002 1020 3057 darana

151 3103 206 3154 aeg
232 3103 263 3140 er
288 3085 374 3142 durch
402 3085 598 3142 Windeakrait
624 3085 739 3142 Waaaer
765 3087 793 3140 iu
820 3087 867 3142 die
894 3086 1019 3142 hdheren

150 3169 314 3240 Gegenden.
362 3169 499 3225 Taaehter
525 3169 592 3225 saud
619 3170 723 3225 Schutz
751 3188 785 3224 au
811 3170 935 3227 Bahman
961 3175 1020 3228 und

149 3253 222 3310 Hom
240 3255 317 3324 laed,
335 3255 390 3308 den
408 3254 459 3308 der
476 3260 633 3324 geaegnete
651 3255 740 3312 Barae
759 3256 828 3312 laed
845 3255 1038 3332 begleitete,
1132 3291 1133 3296 κ
