2278 3760
499 253 669 307 -38-

153 405 224 462 Inde
249 406 422 475 XIsuthmm,
449 412 585 486 terrarum
612 407 707 462 orbem
734 407 788 462 iam
813 407 849 462 ad
872 406 1022 478 pristmum

149 492 277 548 ordinem
300 491 443 549 redactum
471 493 649 563 cognovisse,
679 493 775 563 itaque
805 509 840 548 ex
866 491 933 548 navi
960 507 1021 546 cum

148 593 244 646 uxore,
263 577 321 632 filia
334 584 364 634 et
381 579 570 648 gubernatore
587 595 739 647 egressum,
758 595 833 633 aram
846 577 1022 634 exstruxisse

149 666 180 716 et
198 663 285 717 saeris
304 663 373 718 deos
398 663 541 718 adorasse.
583 663 689 728 Quibus
711 663 835 733 peractis
855 661 1022 718 Xisuthrum

149 747 288 802 cum'suis
307 748 466 803 evanuisse.
504 747 562 803 Eos
581 754 682 816 autem,
711 748 760 817 qui
783 748 812 802 In
834 763 898 802 arca
915 761 1022 802 reman-

149 831 262 898 sissent,
282 830 331 886 diu
349 832 511 886 Xisutsmm
535 837 565 886 ct
589 832 694 886 frustra
717 837 895 901 quaerentes,
924 845 1023 888 vocem

150 913 235 970 altam
265 916 301 970 de
331 917 412 972 coelo
443 917 597 985 audivisse,
633 933 705 986 quae
739 917 811 987 ipsis
840 917 1023 984 nuntiaverit,

150 997 315 1054 Xisuthrum
334 1016 395 1054 cum
414 1001 472 1056 suis
491 1001 519 1053 in
532 1001 647 1055 deorum
665 1017 808 1055 numerum
826 1016 889 1056 csse
902 1000 1024 1056 relatum

149 1088 267 1154 propter
292 1084 370 1139 vitae
397 1085 568 1155 probitatem
597 1090 626 1139 et
653 1085 794 1153 virtutem,
824 1085 903 1155 ipsos
929 1090 1025 1140 autem

151 1168 311 1223 admonitos
330 1185 402 1238 esse,
420 1176 452 1224 ut
471 1170 597 1224 redirent
615 1176 644 1224 et
662 1171 836 1241 Babylonem
854 1177 997 1241 peterent.

221 1252 316 1306 XXII.
336 1253 443 1308 Eodem
462 1254 545 1308 modo
569 1254 598 1308 in
617 1253 741 1325 Phrygia
758 1254 870 1311 fabulae
892 1255 969 1310 illlus
988 1257 1025 1311 de

151 1337 262 1393 diluvio
288 1339 359 1393 nura
386 1345 500 1394 servata
532 1345 598 1394 sunt
626 1339 752 1408 vestigia
785 1346 870 1410 atque
904 1340 1023 1411 reliqua.

151 1423 301 1480 Nonnullis
320 1425 393 1479 enim
412 1425 440 1478 in
458 1425 584 1492 nummIs,
604 1424 652 1494 qui
664 1425 777 1494 procusi
791 1431 864 1495 sunt,
884 1423 1023 1496 SeptImio

151 1509 259 1564 Severo
286 1509 452 1579 imperante,
479 1510 633 1580 Apameae,
659 1511 728 1566 rrrbe
756 1511 784 1565 iu
808 1511 933 1581 PhrygIa
959 1512 1023 1580 sita,

150 1595 263 1665 quique,
282 1595 349 1665 quin
367 1596 469 1651 sinceri
488 1602 518 1650 ct
530 1595 638 1664 antiqui
652 1595 717 1664 sint,
736 1596 865 1652 dubitare
885 1597 1025 1654 nonlicet

151 1678 271 1743 (Eckhel
289 1680 387 1735 Doctr.
407 1697 479 1736 uum.
502 1681 567 1750 [vet.
596 1681 628 1734 T.
654 1681 708 1735 Ill.
733 1699 761 1751 p.
788 1683 867 1750 132),
894 1682 1025 1740 videmus
1127 1705 1128 1712 ¹

150 1780 243 1818 arcam
261 1764 290 1818 in
308 1765 390 1834 aquis
408 1765 573 1818 fluitantem.
620 1765 681 1830 Qua
704 1765 733 1820 in
760 1782 824 1821 arca
850 1767 894 1821 vir
919 1767 1025 1838 aIIquis

151 1863 213 1902 cum
231 1847 348 1902 muliere
372 1849 521 1918 perspicue
546 1855 761 1918 cognoscuntur,
785 1850 814 1904 in
836 1851 917 1907 navis
944 1857 1025 1908 tecto

151 1938 244 1989 autem
262 1933 344 1988 sedet
363 1933 432 2002 avis,
451 1934 487 1987 ad
500 1950 582 2002 quarn
595 1935 723 1992 columba
740 1937 863 2006 advolat,
882 1938 1025 2007 ungrribus

151 2023 251 2073 tenens
278 2016 414 2072 frondem.
474 2017 563 2072 Juxta
589 2019 776 2088 conspicimus
803 2027 960 2092 utrumque,
993 2031 1026 2079 et

151 2103 241 2159 virum
260 2107 290 2156 et
308 2101 453 2158 mulierem
470 2103 499 2157 in
517 2105 590 2159 colle
610 2105 812 2162 subsistentem
830 2113 860 2163 et
878 2108 1025 2164 dexteram

153 2187 188 2242 ad
212 2185 321 2241 coelum
339 2187 510 2242 tendentem.
547 2187 640 2243 Areae
658 2190 714 2259 ipsi
732 2191 823 2248 literis
842 2192 958 2250 Graccis
982 2196 1025 2249 in-

151 2271 285 2342 scriptum
311 2275 355 2330 est
373 2273 488 2328 verbum
512 2277 576 2340 ΝΩ,
603 2275 679 2342 quod
706 2291 741 2330 ex
759 2277 921 2332 coniectura
941 2279 1025 2334 Butt-
1128 2273 1129 2276 ’

151 2358 244 2412 manni
273 2356 454 2428 (Mytbolog.·
472 2358 551 2428 I.‡p.
580 2357 650 2426 194.)
678 2359 751 2415 idem
779 2361 921 2431 significat
947 2367 1025 2434 quod

151 2443 292 2500 Noachus.

221 2527 331 2582 XXIII.
352 2527 555 2584 Convertamus
568 2546 619 2584 nos
632 2547 704 2585 nunc
722 2531 758 2587 ad
771 2531 905 2588 Africam.
936 2534 1026 2592 Cuius

151 2613 278 2684 rogiente
302 2613 368 2668 Inde
389 2614 424 2669 ab
448 2614 651 2683 antiquissimis
678 2619 853 2687 temporibus
877 2623 908 2673 et
931 2619 1025 2677 literis

152 2706 183 2755 et
209 2701 317 2756 artibus
344 2701 598 2756 excellentissImus
624 2700 745 2770 populus
769 2701 910 2772 Aegyptii
934 2711 1024 2774 erant,

152 2799 269 2854 quorum
281 2785 412 2854 Ingentes
424 2786 521 2854 moles,
534 2799 606 2856 quae
618 2799 707 2854 usque
720 2785 755 2840 ad
764 2791 887 2841 nostram
900 2794 1024 2844 aetatem

153 2873 275 2936 exstant,
295 2875 324 2923 et
336 2875 469 2938 quantum
481 2870 629 2937 valuerint,
647 2875 676 2924 et
688 2870 782 2938 gentis
798 2870 875 2927 iIIIus
887 2872 1024 2929 architec-

153 2953 298 3008 tumeatis
311 2969 449 3023 superque
463 2961 611 3011 testantur.
637 2956 771 3010 Attamen
782 2956 872 3010 dinrm
882 2958 1023 3026 quoddam

153 3029 242 3107 atque·
256 3037 442 3094 miserandum
460 3040 548 3096 latum
566 3037 718 3111 prohibuit,
737 3041 885 3110 quomInus
909 3041 962 3097 hoe
987 3043 1024 3098 de

152 3121 266 3193 populo,
285 3123 332 3192 qui
351 3122 424 3180 haud
442 3141 531 3196 parva
548 3125 595 3180 vel
614 3126 718 3195 exlgua
729 3126 891 3196 posteritati
907 3126 1025 3196 reliquit

152 3207 354 3280 magnitudinis
367 3225 434 3270 suae
447 3209 683 3280 vestigandum
696 3211 847 3274 babeamus
863 3217 947 3288 atque
960 3229 1023 3288 per·
