2278 3760
95 395 271 464 nominibus,
290 395 464 465 significare,
481 395 558 464 qnod
575 408 687 465 quoqne
704 394 848 452 Ausonius
866 393 972 450 indioat

96 481 212 553 (Epigr.
231 481 286 550 29.)
304 479 358 536 hoo
372 479 464 536 diotot
727 485 729 490 “

306 563 420 636 Ogygia
436 580 480 620 rue
497 564 638 622 Baouhum
654 571 747 633 voest,

280 689 283 694 ι
309 647 411 704 Osirim
428 648 581 720 Aegyptus
598 654 690 720 putat.

97 735 247 805 Dionysus
265 739 318 802 est,
336 747 426 804 aeque
444 739 529 802 atque
544 732 642 801 Osiris,
659 733 731 788 deus
746 733 913 803 proereandi
929 732 971 789 ia·

98 819 237 874 unitatem
258 817 307 887 qui
330 817 486 888 signifieat,
513 816 643 872 muudum
672 815 778 872 laetum
803 822 833 874 et
859 815 971 873 ielieem

99 903 224 960 reddens
242 906 278 962 et,
290 901 452 972 longinquis
469 902 529 958 suis
546 901 695 960 itineribus
709 918 761 972 per
772 907 863 959 toturn
875 902 971 960 orbem

99 994 240 1046 terrarum
257 985 384 1042 homines
395 986 456 1042 vini
473 1003 586 1044 munere
604 988 720 1045 donans.
752 987 857 1044 Summi
877 995 972 1046 autem

100 1071 239 1130 momenti
257 1077 319 1128 erat
335 1070 411 1142 apud
429 1069 553 1128 Graeeoa
564 1071 717 1141 Dionysus,
735 1073 845 1144 qualem
858 1073 972 1145 Orphiei

99 1155 259 1227 tingebant.
295 1154 349 1222 Qui
366 1155 481 1228 quidem
496 1149 817 1228 Dionysunezugreun,
840 1159 925 1216 «iovis
942 1165 973 1215 et
996 1187 998 1192 ·

100 1241 290 1312 Proserpinae
307 1239 395 1297 tilium
412 1239 502 1296 tuisse
521 1247 642 1311 narrant,
669 1259 687 1298 a
703 1241 779 1300 Jove
796 1243 845 1311 qui
862 1241 972 1300 iuturus

100 1326 198 1383 mnndi
220 1331 315 1382 reetor
336 1325 424 1382 fuerit
440 1325 621 1383 eonstitutua.
657 1326 747 1393 Quum
765 1326 815 1382 ilie
832 1329 972 1397 quondam

102 1411 196 1470 inians
207 1409 299 1466 adhue
313 1409 433 1478 luderet,
450 1409 609 1466 saevissimi
619 1409 737 1468 Titanes
755 1427 819 1468 eum
835 1413 973 1483 aggressi,

102 1495 331 1552 dilaceraverunt
347 1495 464 1564 eiusque
481 1493 662 1550 oonieoernnt
674 1497 805 1552 membra.
841 1497 885 1553 Ex
902 1497 973 1554 dila·

103 1586 200 1639 oerate
222 1595 441 1653 eorpore‘unum
453 1577 567 1636 vibrans
588 1593 637 1634 eor
654 1577 792 1648 reliquum
810 1587 880 1650 erat,
896 1583 973 1652 qnod

103 1681 220 1722 servans
231 1665 359 1721 Minerva
376 1663 413 1719 ad
429 1662 532 1720 Jovern
551 1663 658 1732 retulit,
677 1665 734 1733 qui,
752 1663 804 1720 filii
820 1681 869 1722 oor
885 1667 972 1740 dev07

103 1766 176 1819 raus,
188 1751 281 1806 denno
289 1749 445 1820 Dionysum
456 1753 541 1820 partu
552 1748 652 1805 edidit.
682 1747 744 1819 Ipsi
752 1754 845 1806 antem
857 1750 974 1808 Titanes

105 1837 220 1912 fulmine
238 1837 289 1894 iuti
302 1834 543 1900 oomburebantur,
560 1846 677 1902 quorum
692 1848 727 1890 ex
739 1833 833 1890 oinsre
845 1833 973 1893 homines

105 1928 172 1979 sunt
189 1922 290 1991 exorti,
307 1921 356 1991 qui
373 1921 462 1991 igitur
479 1925 510 1976 et
526 1919 658 1976 Titanum
675 1918 783 1989 aliquid
797 1921 827 1976 in
843 1937 875 1978 se
888 1920 972 1979 habe·

105 2010 174 2066 bant
190 2014 221 2064 et
232 2007 362 2080 Dionysi,
379 2007 447 2076 quia
463 2005 507 2060 ilii
527 2002 601 2060 hune
618 2004 807 2061 comederant.
843 2006 973 2078 Dionyso

106 2099 199 2148 auten
216 2092 319 2148 iterum
335 2095 403 2148 nato
420 2089 597 2162 propositum
615 2094 668 2157 ost,
685 2095 718 2144 ut
734 2089 764 2146 in
777 2088 860 2148 Jovis
878 2106 972 2147 suoue-

106 2179 156 2233 dat
172 2191 289 2247 regnum
307 2181 338 2232 et
354 2191 467 2232 auream
483 2172 593 2230 mundo
603 2170 710 2228 referat
723 2179 855 2230 aetatem.
885 2176 972 2231 Porro

107 2262 132 2318 si
151 2261 316 2331 cogitamus,
338 2259 484 2316 Baoohiois
502 2258 591 2316 saeris
608 2256 687 2314 illum
704 2259 787 2314 deum
804 2260 972 2331 Dionysum·

108 2347 243 2416 Zagreum
264 2345 383 2402 maxime
407 2361 471 2402 esse
494 2343 674 2412 eelebrsturn,
700 2356 785 2412 quum
807 2359 870 2400 enm
891 2347 973 2415 qnasi

107 2447 222 2503 puerum
243 2436 489 2501 repraesentarent
511 2430 654 2486 ludentem
677 2437 708 2486 et
724 2431 868 2502 speoulum
886 2433 972 2505 inspi-

109 2516 241 2584 cientem,
255 2512 324 2586 'pila
346 2531 377 2572 se
401 2521 579 2572 ereroentem
597 2517 791 2586 turbinemqae
809 2519 972 2588 agitantem,

108 2615 191 2670 quum
208 2600 330 2670 denique
347 2601 532 2656 ostenderent
543 2603 660 2659 Titanes
677 2602 820 2658 innoxium
837 2602 973 2660 infantem

108 2687 274 2743 invadentes
296 2687 394 2756 itaque
421 2691 548 2743 ennetam
571 2703 667 2742 eorum
696 2684 842 2742 historiam
870 2701 973 2758 propo·

108 2775 206 2828 nerent
222 2770 252 2826 iu
269 2777 436 2842 suspectu,
459 2785 531 2840 quae
555 2771 625 2828 deus
648 2771 815 2827 toleraverit
830 2785 920 2842 usqne
937 2773 973 2828 ad

110 2856 169 2912 eins
189 2857 433 2927 regenerationem
456 2855 554 2924 (clem.
574 2856 665 2911 Protr.
684 2873 712 2926 p.
736 2859 778 2924 15,
800 2857 865 2926 eo),
888 2857 972 2913 animi

109 2939 219 2996 humani
244 2941 483 2998 immortalitatem
510 2939 585 2997 hune
610 2941 639 2997 in
662 2941 773 2998 modum
799 2947 830 2998 et
852 2942 974 2998 iutnram

110 3025 340 3084 resurreetionem
362 3025 556 3097 significaturi,
581 3027 665 3098 plene
688 3027 770 3084 nobis
795 3029 974 3099 perspiounm

111 3109 149 3179 et,
172 3109 296 3167 Graecus
312 3108 418 3167 haedo
435 3110 686 3183 Dionyso-Zagree
705 3109 801 3168 fabula
818 3112 975 3182 composita

111 3193 178 3250 nihii
203 3194 295 3265 aliud,
323 3208 407 3265 quam
433 3195 589 3253 doetrinam
614 3195 790 3266 signitiensse
815 3195 852 3252 de
878 3194 974 3253 futuro
