2278 3760
494 220 662 282 -ce—

143 377 347 447 explicandum,
366 381 471 450 primus
489 381 570 438 nobis
583 387 628 438 est
640 381 711 451 fons,
730 385 765 440 ad
776 399 859 454 quem
878 401 930 440 uos
948 402 1012 442 con-

144 467 286 518 vertamus
304 480 454 534 omnesque
473 467 640 537 populorum
664 468 774 524 tabulas
798 469 952 524 reseramus
971 477 1013 535 eu,

144 562 226 616 qnam
244 549 331 605 sacris
350 549 378 604 in
397 549 489 608 literis
507 551 641 609 habemus
659 553 847 620 maditiouem,
864 555 932 622 quia
943 552 1014 608 haec

143 631 234 687 series
252 634 416 690 continuata
433 643 518 705 atque
536 643 616 694 recto
637 639 758 707 innodans
781 639 879 696 ordine
903 646 949 696 est
973 639 1013 694 iu·

144 716 254 772 stituta.

213 803 292 859 XIV.
323 806 409 862 Hisce
433 824 502 863 vero
525 809 675 864 sententiis
697 825 730 863 ac
753 808 917 876 rationibus,
943 823 1015 876 quas

144 889 350 959 proposuimus,
369 892 397 946 in
415 895 617 962 comparandis,
635 894 709 949 iuter
727 911 758 950 se
776 893 952 950 diversorum
963 911 1014 963 po-

145 973 272 1042 pulorum
296 977 399 1032 fabulis
423 985 553 1048 putamus
579 980 712 1036 utendum
738 979 822 1034 nobis
845 994 919 1034 esse.
961 980 1016 1034 Est

145 1066 238 1114 autem
256 1077 359 1129 earum,
378 1077 449 1131 quae
468 1063 543 1132 apud
561 1079 656 1120 omnes
681 1063 861 1118 inveniuntur
883 1065 1015 1132 populos,

146 1143 235 1199 series
248 1145 402 1202 fabularum
412 1147 484 1204 hunc
498 1149 526 1202 in
539 1149 649 1204 modum
662 1148 794 1204 instituta
805 1154 835 1202 et
845 1150 1014 1218 composita.

146 1229 266 1284 Primum
280 1232 352 1286 enim
366 1233 491 1290 videmus
501 1232 641 1289 homiuum
653 1251 743 1302 genus
755 1233 898 1292 ex.ierreo
916 1235 1016 1289 mortis

146 1331 243 1370 somno
262 1333 410 1388 resurgere
429 1335 462 1374 ac
479 1319 571 1373 denuo
590 1319 688 1387 vigere
713 1319 742 1373 in
765 1318 868 1374 fabulis
893 1318 953 1373 illis
979 1319 1015 1374 de

145 1399 254 1456 diluuio
273 1403 449 1472 conscriptis,
467 1419 538 1471 quae
557 1403 670 1472 quidem
688 1403 800 1458 fabulae
813 1403 942 1458 omnibus
954 1403 1016 1458 fero

145 1485 266 1554 populis,
294 1499 365 1554 quos
392 1486 526 1544 lrabemus
552 1489 728 1558 praecipuos,
756 1504 915 1544 communes
941 1495 1016 1554 sunt,

137 1583 272 1639 ,duraeque
283 1571 399 1638 diluvio,
418 1586 500 1640 quam
518 1579 687 1628 comrnntata
703 1586 841 1642 quanrque
859 1589 960 1628 eversa
977 1573 1018 1628 sit

146 1655 267 1708 ornnium
280 1673 371 1710 rerum
383 1663 483 1712 natura
498 1658 580 1713 nobis
593 1658 753 1725 ostendunt,
771 1657 912 1712 hominum
922 1665 1017 1714 tamen

145 1758 252 1808 genere
271 1749 386 1798 servato
410 1751 495 1812 atnoe
519 1761 554 1799 ex
578 1743 736 1811 antiquiore
756 1743 783 1796 in
801 1760 901 1798 novam
920 1743 1024 1797 usundi·

146 1825 262 1880 sornram
286 1829 423 1883 translato
445 1847 501 1884 una
525 1846 585 1884 oum
610 1827 795 1884 anuimalibus
818 1827 903 1882 certis
930 1834 1017 1895 atque

146 1910 259 1979 ploratis,
277 1913 358 1980 quasi
377 1914 467 1968 servis
486 1930 518 1968 ac
538 1914 674 1968 ministris
693 1913 762 1967 eins.
800 1911 934 1968 Attamen
958 1911 1018 1967 iliis

147 1995 174 2048 in
200 1995 302 2052 fabulis
327 1998 362 2052 de
381 1999 490 2054 diluvio
517 1999 640 2054 inventis
667 1997 793 2053 honriues
820 2003 948 2052 servat-os
975 1996 1018 2050 in-

147 2081 310 2149 telligimus,
344 2084 442 2150 quales
466 2085 525 2152 apti
550 2083 655 2140 suerint
679 2084 714 2138 ad
739 2083 876 2152 gignendi
899 2099 932 2136 ec
952 2099 1018 2150 pro·

147 2168 260 2222 creandi
284 2169 454 2237 facult-atem,
482 2171 609 2227 videmus
632 2169 668 2224 de
687 2173 730 2222 tot
748 2166 871 2222 millibus
894 2166 1018 2221 virorum

147 2269 231 2306 unum
249 2254 332 2308 modo
350 2255 531 2324 superfuisse,
550 2255 677 2310 videmus
695 2254 731 2308 de
750 2270 849 2326 nragna
871 2252 1018 2308 mulierum

148 2336 334 2392 nrultidudine
360 2356 440 2394 unam
465 2339 548 2394 modo
575 2347 729 2408 serenatam3
756 2346 904 2408 utrumque
932 2355 1018 2394 verne

149 2421 330 2478 humanitatis
350 2425 460 2493 siguum
479 2431 563 2492 atque
582 2425 727 2492 reliquum.
764 2423 818 2477 Hic
835 2423 948 2490 quidem
960 2440 1018 2476 onr-

149 2507 224 2562 nium
243 2525 333 2563 rerum
353 2527 446 2564 ueram
464 2511 586 2580 positam
604 2525 667 2564 esse
687 2509 814 2562 videmus
833 2507 889 2561 vim
908 2513 938 2562 et
954 2523 1018 2574 gra-

150 2593 267 2648 vitatem
281 2600 310 2648 et
322 2594 398 2662 quod
411 2595 447 2648 nd
460 2611 551 2650 mores
565 2595 740 2662 omniumque
753 2599 879 2648 naturam
898 2592 1020 2646 attineat

150 2679 178 2732 in
197 2679 289 2742 cuncti
307 2681 432 2736 universi
450 2681 585 2750 principe,
612 2682 639 2734 in
659 2679 777 2746 homine,
801 2678 849 2745 qui
874 2677 951 2732 solus
969 2676 1018 2730 ob-

150 2765 257 2820 stiterit
280 2765 499 2822 infaustissimae
524 2773 553 2822 et
577 2765 786 2822 funestissimae
810 2763 852 2816 illi
876 2761 1018 2818 eversioni

150 2857 235 2918 atquo
254 2851 401 2919 occidioni,
425 2853 490 2921 quia
509 2853 647 2907 excidium
665 2849 736 2904 illud
754 2865 809 2904 non
827 2848 856 2902 in
874 2852 1018 2904 aeternum

151 2934 202 2988 sed
219 2950 270 3005 per
288 2935 374 2992 breve
394 2937 475 2992 modo
486 2937 621 3008 temporis
632 2935 753 3004 spatium
766 2933 921 3002 perdurans
933 2931 1020 2990 fuerit

151 3019 334 3074 constitutum
362 3022 493 3076 amundi
515 3027 641 3076 creatore
665 3020 701 3074 ad
723 3017 911 3074 renovandam
934 3021 1019 3087 atque

151 3105 329 3160 recreandam
356 3106 481 3174 universi
508 3105 706 3160 conditionem.
739 3105 894 3170 Postquam
926 3106 1019 3158 autem

152 3186 290 3247 homiuem
314 3196 455 3251 servatum
483 3205 546 3250 csse
573 3189 694 3248 vidimus
721 3189 748 3246 in
775 3187 879 3248 fabulis
907 3185 964 3242 iliis
992 3184 1020 3241 in
