2278 3760
453 245 622 301 ..gg-

106 397 209 463 tiorum
226 396 351 467 ipsorum
368 403 555 467 monumenta,
578 398 634 454 etsi
658 404 724 454 ante
748 399 845 455 oeulos
863 400 975 454 noitros

106 483 212 554 posita,
226 487 320 538 tamen
332 481 447 552 iugenio
465 489 495 538 et
511 483 599 538 menti
611 483 668 538 sint
685 482 805 540 obseura
821 483 858 538 ad
870 479 974 538 intelli-

106 567 238 638 gendum.
287 565 344 622 Sed
371 565 580 624 fundamentum
607 569 782 638 quaestionis
810 564 975 638 propositae

106 665 242 722 ponamus
269 667 311 720 ea,
338 667 410 722 quae
434 649 470 706 de
492 652 650 708 numinibus
672 652 731 708 iliis
751 653 833 710 nobis
854 649 976 706 tradidit

106 735 281 803 Plutarohas,
299 736 367 806 quia
378 735 449 792 haee
466 737 579 806 quidem
597 737 698 792 relatio
718 741 763 792 est
780 733 977 806 copiosissima

107 827 137 880 et
154 821 331 876 fertilissima
348 821 478 889 omnium,
496 837 579 890 quam
603 821 745 877 habemus.
790 821 888 888 Osiris,
911 834 974 874 nar-

106 911 186 962 ratur
195 922 213 960 a
223 905 375 960 Plutaroho
393 905 447 970 (De
458 905 495 961 Is.
510 911 540 960 et
552 905 599 961 Os.
618 922 642 960 o.
657 905 785 975 lit-la),
803 903 976 975 Aegyptios,

107 1005 198 1046 rerum
216 1005 300 1059 quum
317 990 427 1059 potitus
445 995 531 1058 esset,
555 1007 572 1045 a
589 991 652 1045 rudi
670 995 700 1045 et
717 989 824 1046 insulta
841 987 977 1044 liberavit

107 1075 222 1138 vivendi
240 1075 359 1141 ratione,
384 1074 489 1130 doeens
513 1092 564 1130 eos
587 1074 786 1144 agnoulmram
809 1079 840 1130 et
860 1066 977 1129 deorum

108 1159 221 1221 oultrun.
258 1159 358 1228 Itaque
376 1165 407 1216 et
425 1160 561 1230 Aegypto
579 1159 664 1214 solies
682 1160 801 1228 reddita,
816 1175 868 1230 per
885 1164 978 1214 totum

108 1249 244 1300 terrarum
262 1245 357 1300 orbem
369 1243 458 1300 Osiris
470 1243 603 1313 migravit
620 1249 651 1299 ot
660 1259 828 1315 quoeunque
836 1244 978 1315 pervenit,

107 1326 234 1384 homines
251 1335 411 1384 mansuetos
429 1329 562 1395 reddidit,
584 1345 640 1384 non
658 1345 794 1384 armorum
811 1329 841 1386 vi
858 1329 910 1385 sed
926 1329 978 1384 do·

108 1414 206 1482 aendo,
234 1413 368 1470 adhibitis
391 1414 559 1470 carminibus
583 1419 612 1468 et
632 1413 739 1468 musica
755 1419 825 1468 arte.
870 1413 979 1478 Quibus

108 1497 193 1556 faotis
211 1497 309 1566 Osiris,
335 1515 418 1569 qaum
437 1498 525 1554 redux
543 1503 621 1554 esset
639 1514 675 1552 ex
692 1497 795 1552 itinere
813 1513 873 1567 suo,
892 1497 978 1568 aTy·

108 1581 202 1652 phono
220 1583 357 1640 inritatus
381 1589 426 1639 est
447 1584 483 1638 ad
506 1582 675 1650 convivium,
702 1599 784 1652 quam
810 1583 839 1638 in
862 1597 979 1638 coenam

109 1667 238 1738 Typhon,
264 1673 413 1739 postquam
440 1683 470 1723 se
497 1667 656 1722 coniuravit
683 1673 782 1723 eontra
803 1668 905 1724 Osirim
922 1683 980 1722 nna

109 1767 171 1807 oum
187 1753 370 1823 septuaginta
386 1752 464 1820 viris,
483 1768 575 1809 aream
592 1751 689 1807 inferri
702 1753 794 1822 iussit,
807 1753 843 1808 ad
856 1751 979 1808 Osiridis

108 1837 329 1909 magnitudinem
338 1843 500 1907 apparatam
512 1837 713 1907 praeelareque
726 1843 860 1893 ornatam.
888 1837 978 1902 Quam

109 1937 193 1991 quum
214 1921 351 1978 convivae
376 1922 585 1988 admirarentur,
613 1919 737 1991 Typhon
758 1938 849 1978 aream
872 1937 904 1976 se
930 1922 979 1977 da-

111 2010 203 2061 turum
215 2006 242 2062 ei
255 2006 392 2076 promisit,
412 2007 459 2076 qui
477 2005 594 2061 inillam
606 2023 637 2062 se
650 2006 816 2063 includeret
852 2005 980 2062 Omnium

109 2090 158 2160 qui
175 2090 293 2146 aderant
304 2090 334 2146 in
345 2089 478 2146 eonvivio
489 2090 583 2146 nullus
601 2092 637 2145 ad
649 2107 740 2146 aream
752 2097 819 2162 apte
835 2092 978 2147 convenit.

109 2174 180 2230 Tum
198 2190 266 2232 vero
278 2173 374 2242 Osiris,
393 2175 511 2232 insidias
529 2175 584 2232 sibi
601 2180 723 2234 strnotas
735 2175 810 2232 haud
825 2175 980 2246 suspieans,

109 2259 138 2316 in
156 2275 218 2316 eam
234 2259 379 2329 ingressus
397 2259 539 2316 decubuit.
575 2259 646 2314 Tum
658 2266 752 2316 autern
764 2259 885 2332 Typhon
896 2259 979 2330 oper·

110 2344 201 2410 ouium
219 2344 318 2400 inierit
335 2359 416 2400 arose
434 2349 464 2398 et
474 2344 590 2413 iiquido
601 2345 716 2415 plumbo
729 2361 790 2402 eam
803 2345 977 2402 obfirmatam

109 2429 139 2484 in
156 2429 250 2484 Nilum
267 2428 396 2500 proiecit,
414 2428 534 2484 andoin
552 2445 628 2484 mare
646 2429 743 2486 delata
760 2437 813 2486 est.
850 2429 980 2485 Summus

109 2515 260 2583 oooupavit
281 2513 341 2570 Isiu
360 2528 478 2579 moeror,
501 2514 537 2568 de
555 2513 702 2583 Typhonis
726 2515 851 2570 facinore
874 2515 981 2569 certior

110 2597 288 2667 quemfacta
306 2604 391 2666 esset,
416 2597 603 2667 eeleriterque
622 2599 658 2654 ad
676 2615 767 2656 aream
792 2599 980 2669 quaerendam

109 2683 239 2752 profesta
257 2689 310 2740 est.
346 2683 430 2738 Pueri
446 2681 577 2738 ludentes
588 2685 735 2752 quaerenti
747 2684 862 2754 eoniugi
875 2684 980 2740 ostium

110 2766 276 2836 indioarunt,
293 2783 346 2838 per
363 2767 438 2836 qnod
456 2782 521 2822 ama
537 2768 567 2824 in
578 2785 654 2824 mare
667 2769 790 2826 demissa
802 2774 888 2825 esset.
917 2767 980 2834 Quo

110 2851 234 2923 oognito,
253 2855 314 2909 eins
332 2853 457 2922 vestigia
474 2867 559 2922 porro
577 2859 622 2908 est
638 2858 796 2924 persecuta,
819 2855 911 2911 donee
933 2871 981 2910 au·

110 2937 193 3006 diret,
220 2953 311 2993 aream
333 2937 408 3008 apud
425 2937 547 3008 Byblum
564 2938 600 2992 ab
625 2937 709 2993 undis
729 2938 849 2994 oiootam
874 2939 981 2996 ibidem

111 3037 176 3080 ease
187 3028 330 3092 raoaptam
342 3021 512 3079 aTamarioe
526 3022 622 3091 itaque
634 3021 785 3078 oooultam:
803 3039 900 3094 regem
910 3038 981 3080 'voro

7 3147 18 3175 ,
111 3121 172 3162 eam
184 3106 337 3164 Tamarieis
353 3112 462 3178 partem
479 3106 629 3176 decidisse,
653 3106 682 3162 in
699 3121 756 3176 qua
772 3105 881 3164 inolusa
893 3107 982 3164 inerit

111 3205 183 3266 area,
201 3196 287 3264 atque
300 3207 335 3250 er
348 3191 447 3252 arbore
460 3190 615 3252 columnam
631 3192 743 3251 iecisse.
781 3191 869 3264 Quom
883 3209 981 3266 rogem
