2278 3760
465 311 634 366 ..49-

114 464 238 534 denique
248 464 396 519 troolrilum
410 465 512 532 emisit,
532 465 579 535 qui
592 463 668 519 haud
679 465 766 520 undio
779 469 846 534 post
857 479 987 519 reversus

113 537 210 604 est'ad
229 549 377 616 dominum,
396 549 523 603 frondem
541 556 642 604 tenens
660 555 752 604 rostro
772 565 831 604 suo.

183 634 292 688 XXIX.
329 635 392 688 Pari
412 634 495 688 modo
514 633 580 688 sunt
597 635 675 690 urania
688 641 773 704 atque
788 633 987 702 discrepantia,

114 733 187 786 quiae
211 717 299 784 vulgo
324 723 472 772 narrantur
494 718 568 788 apud
594 719 723 788 populos,
748 719 796 787 qui
815 717 987 772 Australiam

114 803 233 872 eiusque
260 803 476 857 innumerabiles
495 802 622 858 incolunt
651 804 765 870 insulas,
799 803 834 857 de
869 801 988 868 diluvio,

117 889 193 957 quod
212 887 307 942 orbem
326 893 462 942 terrarum
475 888 613 958 quondam
626 888 751 943 obruerit
763 887 854 942 undis.
888 886 988 956 ltaque

118 971 208 1025 Mauri
227 971 349 1039 tradunt,
373 972 499 1026 Roonem
518 978 547 1026 et
565 971 739 1026 Tealroroam
764 972 831 1038 (vid.
852 971 987 1026 Wunder-

114 1073 203 1124 sagen
231 1056 282 1111 der
308 1057 520 1111 Neuseeldnder
547 1059 602 1112 ruod
636 1057 686 1112 der
712 1057 900 1128 Mauimytlros
932 1073 988 1112 von

117 1141 148 1194 C.
170 1140 301 1196 Sohirren
324 1142 392 1196 1856
408 1159 436 1211 p.
456 1143 510 1210 82.)
529 1142 570 1197 ad
593 1143 778 1212 piseationem
804 1142 987 1196 exercendam

115 1241 178 1280 ease
197 1229 349 1294 provectos
372 1225 401 1278 in
424 1225 525 1293 altum3
549 1241 664 1295 quorum
686 1226 795 1280 hamum
813 1226 985 1294 implicatum

114 1327 179 1365 esee
198 1311 226 1364 in
241 1309 360 1364 Rualrati
380 1310 566 1380 dei-capillos.
604 1312 774 1366 Perterritos
787 1327 837 1366 eos
849 1312 896 1365 dei
909 1311 987 1365 iussu

113 1394 225 1449 hamum
248 1395 395 1449 exemisse.
441 1395 502 1460 Quo
529 1394 606 1450 laeto
631 1395 712 1450 deum
737 1396 828 1465 ipsum
852 1411 988 1465 praenun-

114 1479 204 1533 tiasse
226 1478 293 1546 illis,
317 1496 380 1533 mox
405 1479 538 1533 orituram
566 1495 746 1549 permagnam
770 1480 989 1545 inundationem,

116 1565 173 1634 ipsi·
190 1579 259 1618 vero
278 1579 308 1618 se
328 1570 474 1618 servarent
493 1581 547 1618 une
566 1565 742 1619 nundinaris
761 1565 789 1618 in
808 1565 990 1620 Toamarama

116 1647 217 1702 insula
255 1649 362 1713 Quibus
381 1649 465 1702 dietis
485 1649 652 1702 obedientes
671 1649 724 1702 soli
744 1664 778 1702 ex
795 1648 922 1702 omnibus
941 1647 989 1702 ho·

116 1733 236 1788 minibus
250 1733 285 1787 ab
298 1733 387 1787 exitio
400 1733 570 1802 irrumpente
584 1733 782 1788 liberabantur.
804 1773 805 1776 η
818 1733 885 1786 Alia
897 1739 989 1788 alitem

116 1817 213 1872 fabula
231 1817 319 1872 tradit
336 1815 431 1870 Talriti
450 1817 725 1886 insulamquondam
744 1817 840 1872 amari
860 1818 989 1872 essede-

117 1920 236 1958 mersam
255 1909 340 1972 atque
359 1903 545 1970 destructam
572 1921 655 1957 unum
679 1903 762 1957 modo
781 1919 832 1972 par
848 1902 988 1958 hominum

116 2003 178 2041 oum
197 1987 340 2041 nonnullis
357 1987 460 2056 porois,
484 1987 599 2042 canibus
624 1993 653 2041 et
677 1987 792 2056 gallinis
816 1988 844 2042 in
867 1994 990 2042 montem

116 2071 250 2127 Pito-hiti
279 2071 420 2137 (Sellirron
443 2090 470 2141 p.
495 2074 565 2141 188.)
585 2073 728 2141 effugisse,
756 2089 790 2127 ex
815 2091 870 2143 quo
893 2074 990 2128 decem

116 2157 248 2212 noctibus
267 2162 333 2225 post
351 2155 533 2224 descendens,
560 2156 669 2226 lapides
691 2156 726 2210 de
751 2157 832 2210 ooelo
851 2157 990 2212 demissos

116 2242 234 2309 vidisse,
249 2257 320 2310 quos
332 2245 434 2295 ventus
447 2240 547 2294 iterum
561 2241 596 2294 ad
609 2240 716 2294 eoelum
730 2240 884 2309 sustulerit,
903 2241 990 2296 imbre

118 2327 243 2398 lapidum
255 2331 393 2392 censente,
413 2326 505 2379 omnia
522 2326 550 2378 in
564 2325 689 2380 ordinem
702 2325 849 2394 pr’stinunr
863 2327 990 2380 rediisses

119 2428 154 2466 ex
174 2415 288 2467 serrato
307 2417 399 2466 autem
418 2410 468 2466 illo
482 2409 623 2465 hominum
636 2411 696 2480 pari
710 2417 834 2478 curuatas,
853 2411 900 2480 qui
920 2427 992 2464 niune

119 2497 244 2552 incolant
263 2497 358 2551 orbem
377 2502 512 2550 terrarum
531 2495 658 2550 homines
672 2502 749 2550 ortos
763 2511 835 2550 esse.
873 2496 993 2551 Narrant

121 2596 241 2650 quoque,
254 2581 390 2635 Taaroam
403 2581 503 2634 iratum
517 2581 651 2651 improbis
664 2581 831 2649 hominibus,
850 2587 951 2636 terram
965 2581 993 2634 in

119 2684 255 2722 oceanum
277 2667 425 2733 deiecisse,
449 2672 481 2720 ut
498 2683 604 2736 parrone
624 2673 731 2722 tantum
749 2667 857 2722 insulae
877 2683 911 2721 ex
924 2666 992 2721 mari

121 2757 279 2822 surgerent,
308 2767 379 2820 quae
406 2750 518 2819 quidem
537 2751 645 2806 insulae
663 2768 736 2806 nune
753 2751 923 2808 habitantur.
960 2751 993 2805 Iu

119 2838 218 2894 Hawai
231 2843 292 2892 tota
305 2837 398 2891 insula
409 2837 531 2890 traditur
542 2837 610 2890 olim
622 2838 766 2892 submersa
780 2836 868 2892 irrisae
878 2837 994 2893 tumidis

119 2923 205 2978 maris
229 2922 312 2982 undis
335 2927 450 2991 praeter
467 2921 635 2975 Maunaeeae
660 2921 803 2976 verticem.
847 2921 934 2986 Quem
959 2921 995 2976 ad

119 3013 244 3063 montem
275 3007 390 3062 tradunt
424 3006 570 3076 appulsam
606 3022 668 3060 esse
706 3004 837 3075 scapham
872 3007 995 3062 serratis

120 3093 264 3148 refertam.
301 3093 344 3146 Ex
362 3091 412 3146 illo
431 3091 539 3146 diluuio
558 3097 659 3160 autem,
682 3092 758 3160 quod
776 3097 879 3147 vocant
897 3092 993 3146 (laica-

121 3175 227 3241 hinalii,
250 3177 321 3230 duos
338 3175 423 3230 modo
440 3174 567 3230 homiues
591 3175 715 3230 relictos.
757 3175 790 3230 In
809 3175 992 3231 Newzealan·

120 3261 170 3317 dia
187 3261 284 3315 fabula
302 3259 437 3329 quaedam
462 3266 506 3315 est
524 3259 646 3328 tradita·
662 3275 735 3328 qrrae
760 3259 894 3380 deplorat,
915 3259 995 3315 Taw-
