2278 3760
497 215 649 270 ..7-

135 367 253 424 malirmn
271 356 303 424 et
319 354 477 439 plantarum
495 383 601 437 genera
612 367 830 438 uniuscuiusque
840 365 1012 446 ¹provinciae

136 453 280 526 principio
298 453 440 510 disiuncta
457 453 521 524 sint,
540 457 624 525 atquc
643 469 739 509 eorum
757 469 877 524 quoque,
895 468 1012 522 quorum

137 541 293 596 diversitas
310 555 400 610 parva
417 543 469 608 est,
487 538 565 593 nulla
581 540 735 595 communis
753 539 834 608 origo
852 537 1013 608 quaerenda

138 625 189 694 sit,
205 626 272 696 qnia
289 625 463 681 diversarum
476 629 542 680 snut
556 625 763 696 provinciarum
781 639 873 696 nequo
891 639 1013 692 unquam

137 707 226 766 ullum
235 725 325 780 genus
335 725 413 765 suam
422 708 513 779 ipsius
526 709 671 780 regionem
684 707 819 779 relinquit
831 712 1013 776 exteramqne

136 793 169 848 in
188 798 290 850 terram
307 793 455 864 demigrat,
477 793 529 848 sed
546 808 658 863 semper
674 791 749 847 intra
765 791 874 863 patrios
892 790 963 846 fines
981 806 1013 846 se

136 877 253 946 retinet,
265 877 371 934 idcirco
380 877 532 932 secundum
541 876 758 947 comparationis
767 876 905 932 rationem
915 874 1013 932 eadem

137 961 188 1018 lex
205 963 234 1017 in
251 961 371 1018 humano
388 975 493 1031 genere
512 959 680 1016 adhibeatur
696 976 813 1017 neccsse
832 965 885 1016 est.

208 1047 262 1102 ΙΙΙ.
290 1046 381 1116 Atqui
398 1062 454 1102 non
472 1046 576 1102 desunt
593 1046 668 1100 inter
684 1051 800 1102 naturae
819 1045 1013 1117 speculatores

135 1131 427 1201 investigatoresque,
449 1128 498 1200 qui
515 1145 567 1200 pro
586 1127 707 1200 simplici
725 1135 810 1200 atquc
827 1145 883 1186 una
900 1127 1013 1184 hnmani

135 1218 253 1286 generis
271 1221 371 1272 natura
382 1214 616 1286 disceptaverint.
655 1215 777 1281 Quorum
788 1215 910 1270 omnium
928 1213 1012 1270 facile

135 1301 270 1372 princeps
289 1307 319 1357 et
333 1300 441 1370 ingenii
454 1299 613 1356 subtilitate
626 1305 656 1355 et
668 1300 757 1356 omnis
772 1299 917 1356 doctrinae
931 1299 1014 1370 copia

137 1379 328 1458 politissimus
346 1393 391 1442 est
408 1386 494 1442 Alex.
513 1386 549 1441 ab
566 1385 730 1442 Humboldt.
766 1385 820 1441 Est
840 1391 934 1441 antem
952 1385 1013 1441 eius

138 1471 170 1526 in
188 1486 274 1541 opere
292 1470 450 1540 notissimo,
468 1471 504 1526 de
522 1469 625 1524 mundo
644 1469 719 1539 quod
731 1468 862 1540 confecit,
881 1469 1013 1540 (Kosmou

139 1556 163 1622 Ι,
181 1573 210 1626 p.
228 1555 300 1623 379.)
319 1551 461 1625 explicata
479 1552 629 1610 sententia.
665 1553 739 1608 Dum
760 1553 866 1609 leviter
882 1555 965 1610 modo
984 1559 1015 1612 et

138 1656 238 1714 parum
264 1637 368 1695 coloris
395 1638 519 1694 venetas
552 1649 599 1694 ac·
616 1638 723 1694 formae
755 1637 896 1694 bominum
924 1655 1014 1708 genus

140 1725 297 1781 seiunctum
325 1739 388 1780 esse
411 1724 545 1792 ostendit,
572 1741 624 1795 pro
652 1725 713 1780 eius
736 1724 845 1779 unitate
867 1723 1014 1796 graviores

141 1813 208 1866 sunt
225 1813 315 1864 testes
333 1807 466 1878 permulti
490 1807 534 1862 illi
552 1808 657 1878 gradus
675 1807 779 1864 coloris
797 1813 827 1863 et
845 1806 931 1863 cranii
950 1823 1013 1863 con·

142 1892 315 1961 structionis,
339 1898 484 1949 tumvero
511 1923 544 1932 —
571 1893 656 1964 idque
674 1893 826 1963 praecipue
851 1925 884 1932 -
910 1899 942 1949 ut
959 1893 1014 1948 iam

142 1979 189 2034 Jo.
209 1977 344 2032 lltllerus
368 1975 505 2047 (Physiol.
529 1976 727 2034 desblensch.
752 1978 823 2034 Tom
846 1977 884 2058 ll,
908 1995 936 2048 p.
956 1979 1014 2045 768,

143 2062 300 2132 lli—774.)
318 2061 371 2118 bae
388 2063 424 2118 de
442 2079 473 2118 re
491 2081 543 2120 nos
555 2063 694 2118 docuit-
705 2063 871 2134 procreandi
884 2062 1013 2135 facultas.

143 2149 285 2218 Bigenera
303 2147 377 2204 enim
395 2149 525 2204 animalia
546 2148 621 2204 inter
644 2165 708 2204 sese
730 2147 851 2205 fecunda
871 2166 927 2204 non
950 2153 1015 2208 sunt

144 2249 235 2304 neque
248 2232 406 2302 generatim
418 2233 532 2288 saccula
543 2248 701 2304 propagare
714 2249 805 2304 neque
817 2237 915 2304 pertus
928 2233 1013 2288 edere

144 2324 278 2388 possunt3
296 2317 444 2372 humanum
457 2323 550 2374 antem
563 2335 652 2388 genus
666 2318 822 2373 contrariae
835 2323 880 2374 est
890 2322 1015 2386 naturae,

146 2419 229 2474 quum
247 2401 375 2457 hibridae
394 2401 455 2457 eius
468 2405 498 2456 et
510 2402 585 2457 coire
602 2403 676 2456 inter
688 2418 719 2457 se
731 2402 843 2472 possint
855 2407 885 2456 et
896 2401 1015 2471 gignere

147 2487 271 2558 stirpem.
314 2484 415 2556 Itaque
433 2486 594 2556 praeclarus
618 2487 668 2542 ille
686 2492 797 2542 nostras
815 2503 832 2540 a
849 2487 923 2541 Beer
946 2485 1015 2551 (Ab-

146 2572 239 2628 bandl.
253 2573 323 2628 liber
334 2573 445 2642 Papuas
457 2571 515 2626 und
527 2571 647 2626 Aliuren
656 2590 684 2643 p.
696 2573 749 2640 75.)
762 2588 817 2626 non
832 2570 1015 2627 dubitandum

147 2657 200 2714 sibi
217 2661 308 2728 putat,
327 2656 394 2726 quin
411 2672 464 2711 nos
487 2672 569 2710 unam
588 2671 651 2710 csse
675 2671 708 2710 ac
726 2654 881 2725 simplicem
903 2653 1016 2710 humani

147 2743 259 2814 generis
276 2747 404 2796 naturam
423 2746 548 2796 statuere
566 2740 727 2796 debeamus.
764 2739 850 2796 Cuius
868 2739 1015 2811 scriptoris
1071 2787 1072 2790 ,

147 2828 251 2883 haedo
276 2825 442 2897 quaestione
466 2826 580 2894 dictum,
608 2825 684 2895 quod
707 2824 753 2880 bic
775 2825 811 2880 ad
833 2825 950 2881 verbum
972 2842 1015 2881 re·

148 2913 268 2968 feramus
283 2911 399 2981 dignum
410 2909 545 2967 habemus
559 2910 674 2980 „denn¹‘,
693 2911 733 2966 ait
745 2911 850 2968 ibidem
863 2910 921 2980 ille,
941 2909 1016 2979 ,dis-

145 2995 270 3069 jenigen,
293 2992 401 3051 welche
425 2994 552 3050 mebrere
570 2995 662 3050 Arten
679 2993 829 3050 Menscben
853 2995 1017 3063 annebmen,

149 3080 265 3138 beroien
283 3080 344 3136 sich
360 3081 459 3135 immor
470 3079 577 3148 darauf,
596 3080 662 3136 dass
673 3079 720 3136 dic
732 3078 848 3135 llohren
860 3080 890 3134 in
902 3079 1017 3150 Europa

149 3164 226 3230 sient
243 3164 327 3228 weiss
345 3163 459 3228 werden
483 3163 541 3226 uod
563 3163 610 3227 die
628 3165 773 3244 Europae
796 3163 825 3224 iu
842 3161 942 3228 Indico
959 3163 1017 3228 uni
