2278 3760
491 235 643 289 -6-

130 389 253 462 simplici
277 389 389 446 humani
412 389 526 459 generis
544 393 652 457 natura,
676 387 786 444 modum
805 385 833 441 in
857 391 1003 456 utramque

130 481 239 548 partem
258 476 407 543 excedens,
431 474 529 530 mirum
551 475 580 530 in
597 473 709 529 modum
732 473 894 544 repudiavit
911 484 1003 542 neque

132 562 261 634 aeeipere
279 561 371 618 voluit
383 561 527 616 Hamilten
541 559 631 615 Smith
643 559 720 625 (Nat.
738 557 804 614 bist.
824 557 857 614 of
871 556 920 612 the
937 555 1003 611 bum

130 649 228 718 spem).
276 645 447 716 Quamquam
470 645 551 700 ¹enim
573 645 726 700 Lawrenee
749 645 864 710 (Leetur
886 659 915 713 p.
938 640 1002 710 448)

130 731 311 786 humanorum
323 746 457 801 genenrm
468 731 571 784 termas
581 730 682 800 quovis
695 729 746 786 sub
756 727 836 784 eoelo
846 728 875 782 in
886 728 1002 799 primor-

130 817 186 874 diis
197 817 261 872 'suis
273 821 358 888 atque
377 817 486 886 origine
500 816 607 871 servari
620 815 773 871 affirmavit
784 829 875 885 neque
893 813 952 869 ulla
963 830 1003 882 re,

130 902 187 958 nisi
196 901 391 973 permiscendo
401 901 502 956 mutari
512 901 611 969 eredit,
621 900 670 956 ille
680 906 773 956 tamen
785 898 1003 954 honorationem

131 1004 168 1044 ea
185 1005 216 1043 re
235 987 454 1056 transformavit,
477 987 553 1057 quod
569 985 623 1042 hoo
641 986 727 1041 etiam
751 984 869 1054 addidit,
892 984 1004 1054 singula

129 1089 236 1143 genera
254 1071 395 1128 hominum
408 1088 459 1128 sua
476 1072 505 1126 in
516 1071 610 1142 patria
621 1070 728 1127 servari
742 1075 827 1140 atque
839 1085 1003 1140 permanere

129 1173 225 1228 posse,
245 1157 364 1213 aliorum
381 1173 450 1213 vero
472 1172 607 1226 generum
630 1156 762 1223 advenas,
786 1155 841 1209 nisi
859 1169 921 1210 eum
945 1154 1003 1210 illis

129 1243 374 1315 permiscerentur,
404 1242 433 1296 in
457 1241 563 1297 exteris
589 1241 753 1312 regionibus
776 1240 892 1296 interire
917 1245 1003 1310 atque

131 1328 290 1397 exstingui:
303 1333 361 1383 tum
371 1344 455 1398 porro
465 1328 596 1383 reiieiens
605 1329 640 1382 ad
654 1327 810 1384 exstinctos
819 1326 885 1382 illos
897 1327 1003 1394 Paltas,

130 1413 179 1484 qui
209 1413 246 1468 ad
275 1413 405 1468 Tiaeeam
438 1411 529 1468 laeum
557 1411 747 1480 habitassent,
777 1409 890 1466 defendi
920 1417 1004 1480 putat

131 1497 323 1554 coniecturam
347 1515 433 1566 suam,
456 1498 590 1569 reliquias
614 1513 678 1554 esse
702 1497 869 1567 antiquioris
891 1495 1003 1552 humani

131 1582 275 1639 cuiusdam
288 1583 410 1652 generis,
429 1583 505 1652 quod
516 1583 611 1652 priore
631 1598 713 1652 quam
729 1599 781 1638 nos
794 1585 889 1636 aetate
908 1581 1004 1637 orbem

130 1673 271 1724 terrarum
295 1668 458 1735 ineoluerit,
481 1668 595 1738 generis
618 1669 731 1738 quidem
753 1667 901 1736 reliquias,
929 1667 1005 1737 quod

130 1754 198 1810 olim
216 1754 281 1810 aliis
300 1754 335 1810 ab
353 1754 520 1810 animalibus
544 1753 715 1824 plantisque,
728 1748 817 1823 'quam
835 1769 908 1823 quae
931 1769 1005 1808 nuno

130 1839 318 1906 inveniantur,
331 1838 527 1893 circumfusum
540 1837 635 1893 fuerit.
657 1838 709 1892 Oui
720 1835 832 1892 Smithii
845 1837 1004 1894 sententiae

130 1922 242 1978 aceedit
254 1921 419 1977 Hombronii
432 1922 529 1992 opinio
548 1921 694 1987 (d'Urville
707 1921 781 1992 Voy.
801 1939 837 1976 au
849 1923 918 1978 Pole
932 1921 991 1977 Sud

131 2007 247 2076 Zoolog.
268 2007 291 2061 I.
311 2005 371 2074 184)
390 2007 479 2062 multo
497 2012 591 2062 tamen
613 2007 784 2078 amplificata
806 2013 892 2078 atque
911 2013 1002 2063 aneta

131 2092 185 2157 Qui
205 2092 318 2161 quidem
331 2093 454 2147 omni'in
471 2098 607 2146 terrarum
625 2099 706 2163 parte
724 2093 868 2164 complura
885 2094 938 2149 sibi
957 2110 1003 2148 eo-

130 2177 272 2248 gitatione
285 2177 368 2248 lingit
380 2178 532 2233 creationis
544 2177 644 2246 media,
663 2177 845 2249 hominesque
857 2179 1004 2250 paullatim

129 2264 185 2318 tria
212 2279 264 2334 per
289 2264 403 2319 creandi
430 2270 558 2333 tempora
584 2264 729 2321 exstitisse
762 2270 853 2336 putat.
902 2265 1003 2334 ltaque

128 2348 213 2404 initio
227 2353 305 2404 ortos
318 2363 382 2404 esse
393 2348 463 2402 dicit
473 2347 646 2417 Samoiedos,
659 2349 781 2420 Lappos,
794 2349 897 2405 deinde
907 2365 1004 2404 omnes

72 2455 74 2460 ·
129 2432 260 2504 populos,
279 2431 327 2502 qui
345 2433 427 2502 nigro
451 2433 509 2488 sint
532 2434 635 2504 colore,
659 2440 717 2490 tum
736 2435 892 2505 Mongolos,
918 2435 1006 2490 Ame-

131 2517 256 2585 rioanos,
286 2517 464 2588 Aegyptios,
494 2517 698 2588 Berberosque,
729 2525 872 2589 postremo
902 2526 1004 2588 gentes

130 2603 321 2672 Europenses.
358 2603 466 2658 Eodem
484 2620 539 2673 quo
557 2605 640 2661 modo
654 2603 744 2660 Smith
763 2610 848 2674 atque
860 2605 1003 2661 Hombron

132 2686 218 2741 etiam
236 2685 368 2755 Agassiz,
387 2686 435 2757 qui
452 2685 620 2744 Swainsonii
639 2689 852 2758 quaestionibus
870 2690 1002 2745 disserta·

131 2770 313 2840 tionibusque
342 2771 482 2836 (Treatise
506 2787 543 2826 on
570 2772 618 2828 the
642 2789 740 2843 geogr.
766 2775 822 2828 and
845 2773 949 2829 olassif.
973 2774 1007 2830 of

131 2855 226 2924 anim.)
239 2873 306 2911 usus
319 2861 371 2925 est,
384 2863 548 2929 perceptum
561 2859 597 2913 de
610 2860 749 2914 varietate
762 2859 911 2915 formarum
922 2860 1003 2916 eoelo

129 2939 269 3010 eonfeeta,
292 2941 443 3011 expressit.
484 2941 523 2998 Ut
541 2939 695 3009 sasamon,
720 2949 818 2999 auctor
835 2945 1003 3012 sententiae,

88 3049 89 3052 ¹
129 3025 172 3080 ita
184 3025 246 3096 ipse
260 3042 310 3081 sex
323 3027 472 3083 constituit
484 3027 645 3098 provinoias
658 3029 820 3098 Zoologiae,
838 3029 1003 3100 quibuscum

127 3109 280 3182 praeeipne
299 3113 511 3183 coniungendae
530 3114 587 3168 sint
598 3113 738 3183 regiones,
757 3129 828 3183 quae
847 3131 864 3169 a
881 3113 1003 3171 diversis

127 3195 270 3260 heminam
296 3198 449 3282 generibus
471 3197 641 3262 habitantur.
687 3199 776 3274 Quum
799 3216 868 3263 vero
894 3206 923 3265 et
944 3201 1002 3264 aui*
