2278 3760
462 241 631 294 ..23-

114 390 218 444 tenore
248 392 366 459 quadam
393 392 515 446 astutiae
543 394 569 448 vi
595 400 680 462 atque
711 395 808 450 fraude
837 395 983 462 insidiosa,

108 491 185 542 011110
205 478 256 532 sub
275 477 347 533 falsa
359 479 439 532 amici
453 479 626 547 integerrimi
639 481 734 550 specie
748 481 869 548 latebat,
886 497 984 550 pugna

114 563 176 632 ipsa
193 569 335 632 pugnetur
351 570 470 633 propter
487 565 663 634 voluptatum
688 564 816 633 sunctum,
843 579 915 634 quae
934 563 983 620 110-

114 647 214 702 minem
233 649 404 717 coniungant
422 665 483 704 cum
509 650 618 717 mundo,
641 665 696 704 101
715 665 810 705 verum
829 651 866 705 ob
890 666 982 706 casum

114 731 252 801 quendam
273 730 403 788 subitum.
970 789 973 793 .

183 817 266 872 XV.·
296 818 399 873 Verum
429 827 460 874 ut
489 837 606 891 corpore
641 821 782 878 hominum
811 825 909 892 generi
940 829 984 877 est

114 905 294 974 pugnandum
312 911 410 960 contra
422 907 555 961 adversas
569 923 601 962 ac
613 909 700 964 malas
715 925 769 976 res,
787 921 858 976 quae
871 908 983 976 quidem

115 1007 210 1060 pugna
239 991 267 1044 in
289 989 436 1058 gentilium
462 991 629 1061 populorum
656 992 759 1048 fabulis
787 997 925 1060 tamquam
955 993 984 1045 in

115 1076 250 1130 dracones
268 1076 420 1143 dimicatio,
449 1077 478 1130 in
497 1076 587 1132 literis
610 1078 696 1132 sacris
714 1078 793 1148 quasi
812 1077 984 1147 disceptatio

116 1161 190 1215 inter
218 1159 356 1216 hominem
387 1168 417 1216 et
447 1177 565 1230 anguem
597 1163 769 1231 exprimitur,
803 1163 844 1217 ita
873 1176 984 1231 quoque

115 1246 250 1315 impetum
274 1247 402 1302 videmus
426 1248 461 1303 ab
479 1247 590 1303 homine
616 1249 645 1302 11
671 1248 744 1302 maia
770 1248 873 1302 facturn
895 1248 984 1302 animi

116 1335 200 1397 atque
219 1331 326 1399 ingenii
345 1331 382 1398 vi,
395 1332 527 1386 remediis
540 1333 705 1400 quibusdam
717 1337 873 1398 utente,'ut
886 1333 985 1387 adver-

117 1417 218 1470 sarium
232 1417 317 1486 illurn,
336 1417 383 1485 qui
397 1418 472 1472 cerni
486 1424 516 1472 et
528 1414 661 1486 cognosci
673 1435 728 1472 non
742 1424 845 1487 potest,
864 1417 987 1486 repellat

118 1508 147 1556 et
165 1533 197 1540 —
215 1508 247 1556 ut
264 1503 361 1572 paucis
380 1503 470 1558 diearn
494 1533 525 1540 -
548 1503 583 1556 ab
601 1501 712 1556 homine
732 1503 938 1556 incantamenta
957 1507 987 1555 et

117 1593 194 1640 certa
212 1604 321 1642 venena
339 1587 499 1653 adhibente,
522 1593 555 1642 ut
572 1588 770 1654 adversarium,
795 1602 877 1655 qrrem
896 1586 987 1640 oculis

117 1672 249 1738 consequi
268 1689 323 1726 non
342 1673 442 1742 possit,
460 1672 543 1742 plane
565 1672 705 1726 devincat.
742 1674 873 1740 Pugnans
893 1676 988 1726 autern

117 1762 146 1810 et
164 1755 298 1810 dimicans
316 1755 463 1811 humanum
488 1773 577 1824 genus
601 1756 755 1810 succumbit
778 1762 862 1824 atque
881 1756 987 1810 exstin-

117 1841 220 1908 guitur.
257 1841 327 1894 Nam
345 1843 473 1910 quamvis
491 1842 564 1896 mala
581 1847 665 1909 atque
685 1841 804 1895 adversa
820 1841 910 1896 fracta
921 1843 988 1909 sint,

117 1933 210 1980 tamen
230 1926 255 1980 ei
274 1943 329 1980 non
348 1927 417 1981 satis
436 1931 481 1981 est
499 1927 607 1995 virium,
634 1934 665 1981 ut
687 1925 823 1981 victoriae
842 1932 988 1995 superstes

118 2011 155 2066 sit
173 2011 268 2079 itaque
288 2013 378 2080 ipsum
398 2012 500 2066 cadens
519 2027 612 2065 seeum
631 2010 718 2065 trahit
736 2011 850 2065 devicta
867 2011 940 2064 mala
959 2012 988 2064 in

116 2096 361 2165 profundissimam
381 2103 464 2165 atque
485 2097 630 2151 obscurem
654 2096 825 2164 voraginem.
869 2095 913 2150 Ita
937 2113 985 2166 ap·

116 2189 217 2250 parent
234 2181 352 2237 mundus
377 2181 493 2250 eiusque
516 2181 625 2236 incolae
649 2182 677 2234 11
699 2181 802 2236 tabulis
826 2181 891 2247 illis,
916 2194 986 2248 qrras

117 2269 190 2336 apud
205 2268 350 2321 maximam
364 2268 506 2322 nationum
519 2273 626 2336 partem
640 2266 798 2320 invenimus
811 2267 845 2320 de
860 2271 986 2320 extremo

117 2359 201 2420 atque
237 2352 335 2406 ultimo
371 2354 447 2407 orbis
484 2357 618 2406 terrarum
634 2357 774 2419 'tempore
805 2351 985 2420 compositas.

118 2439 214 2506 Neque
240 2445 332 2491 tamen
357 2443 523 2506 perpetuum
547 2437 664 2491 exitium
689 2437 759 2490 iliud
783 2437 911 2490 mundum
937 2453 986 2503 op·

118 2523 221 2591 primit,
235 2523 285 2577 sed
295 2538 330 2577 ex
340 2523 515 2590 flammarum,
529 2536 600 2590 quae
611 2523 703 2576 omnia
712 2523 840 2591 perdant,
852 2527 987 2587 torrente,

118 2625 192 2662 nova
211 2609 302 2676 surgit
320 2609 414 2661 mundi
438 2608 533 2674 forma,
561 2623 651 2662 novus
670 2623 702 2660 ac
721 2623 818 2662 reeens
836 2606 913 2660 orbis
931 2611 986 2659 ter-

118 2709 207 2746 rarum
227 2693 321 2748 virens
340 2693 496 2760 florensque
516 2709 532 2746 a
550 2693 737 2761 sempiternae
751 2689 908 2744 'felicitatis
926 2689 986 2742 soie

118 2778 283 2846 illustratus,
303 2795 319 2832 a
337 2778 475 2834 mitissimo
495 2784 525 2832 et
542 2777 696 2832 iustissimo
714 2781 867 2841 servatore,
886 2772 988 2827 messia

120 2863 170 2917 iiio
188 2864 326 2932 quondam
345 2869 472 2930 venturo,
499 2861 633 2916 defensus
652 2865 735 2928 atque
760 2865 920 2928 protectus,
951 2859 987 2912 do

120 2963 175 3016 11110
193 2949 305 3016 quidem
323 2953 467 3004 servatore
486 2947 560 3016 apud
578 2947 707 3000 diversos
729 2943 851 3013 populos
875 2943 987 2998 fabulae

120 3034 202 3088 nobis
226 3034 290 3101 sint,
318 3049 395 3102 quas,
420 3033 503 3103 plane
523 3033 597 3086 inter
620 3047 650 3084 se
675 3034 878 3083 consentaneas
903 3035 987 3095 attpuo

122 3121 293 3193 conjunctas,
320 3137 375 3174 uno
400 3135 435 3176 ex
460 3117 538 3179 fonte
559 3131 711 3187 emanasse,
739 3111 857 3189 posthac
876 3113 988 3170 demon-
