2278 3760
471 295 639 352 ...45-

121 451 271 522 pristinum
297 451 423 506 ordinem
450 450 591 506 redactam
617 450 748 506 viderent
774 448 909 519 homines,
936 467 991 506 una

122 551 185 590 curn
212 535 379 592 animalibus
409 552 444 590 ex
472 535 615 606 putamine
643 535 760 604 egressi,
778 551 829 605 per
855 541 990 590 terramm

123 621 219 676 orbem
249 621 486 692 demigraverunt,
515 626 629 691 praeter
655 637 738 675 nnnm
764 636 816 690 par
842 619 990 688 hominurn,

122 706 200 776 qnod
217 706 246 760 in
264 722 299 762 ea
316 706 451 761 remansit
470 713 554 774 terra,
577 705 729 761 Lithuania
752 721 823 775 qnae
847 720 919 760 nuno
941 721 990 760 ro-

123 797 211 846 catnr.
241 789 298 846 Sed
307 796 430 846 extrema
442 795 587 846 senectute
598 790 728 859 conlecti,
747 791 863 860 stirpem
873 789 991 859 gignere

122 893 179 931 non
196 881 359 946 potuerunt,
376 875 563 944 quamobrem,
581 892 647 932 arou
664 877 762 946 pluvio
780 877 925 946 suadente,
943 893 992 932 no·

124 961 187 1016 vies
199 961 392 1016 transilierunt
404 967 496 1016 terrae
507 977 581 1030 ossa,
598 963 672 1017 unde
684 977 785 1018 norem
798 961 864 1016 illae
876 961 991 1016 Lithua·

123 1063 221 1101 norum
239 1047 329 1102 tribus
345 1052 462 1102 exortae
481 1051 554 1101 sunt.

193 1131 317 1186 XXVII.
344 1131 548 1198 Fertilissimae
567 1129 812 1200 serenissimaeque
830 1136 896 1186 sunt
913 1130 991 1186 fabu-

126 1215 214 1270 larum
232 1215 268 1270 de
286 1215 395 1272 diluvio
413 1217 540 1271 fictarum
557 1222 667 1286 gentes,
686 1232 757 1286 quae
776 1217 932 1276 Amerieam
952 1217 992 1270 in·

125 1301 266 1368 colebant,
279 1317 362 1371 quum
371 1300 417 1355 hie
427 1318 504 1357 suam
517 1317 645 1372 quaeque
654 1317 725 1370 gens
734 1299 851 1358 haberet
861 1300 991 1356 fabulam.

125 1385 201 1451 Quas
228 1402 325 1441 omnen
351 1385 397 1440 hic
420 1387 521 1442 afferre
544 1403 599 1442 non
623 1403 713 1442 meum
736 1391 788 1453 est,
815 1403 899 1456 quum
926 1402 992 1440 non·

124 1469 220 1526 nullae
247 1470 344 1526 harum
370 1470 534 1541 fabularum,
561 1472 688 1541 quamvis
714 1472 749 1526 de
768 1471 884 1527 diluviis
908 1476 993 1540 atque

124 1554 356 1612 inundationibus
374 1556 482 1626 aliquid
499 1563 620 1624 narrent,
644 1562 737 1612 tamen
755 1573 810 1612 non
828 1557 993 1612 coniunctae

125 1641 184 1696 sint
202 1657 264 1694 cnm
282 1641 415 1697 universo
433 1641 484 1697 illo
507 1641 624 1709 diluvio,
648 1641 758 1711 dequo
782 1658 834 1697 nos
857 1657 929 1696 nune
952 1640 993 1694 di-

125 1726 222 1804 cimus.
274 1726 435 1781 Generatim
453 1732 548 1782 narrat
565 1727 601 1781 de
619 1726 728 1784 diluvio
745 1726 841 1782 fabula
858 1726 994 1796 quaedam

125 1812 386 1882 Leni-Lenaporum
405 1811 450 1879 (cf.
463 1811 571 1878 Miller,
589 1811 716 1866 Amerik.
730 1811 851 1881 Urrelig.
870 1829 898 1881 p.
915 1813 994 1879 iol),

126 1911 198 1964 qnae
225 1913 326 1952 numen
350 1897 420 1951 illud
444 1913 581 1965 magnum,
608 1895 715 1951 Manitn
739 1895 871 1966 Kichton,
898 1911 994 1952 omnes

125 1998 198 2051 quae
226 1983 343 2051 vigeant
369 1982 398 2036 in
425 1981 492 2037 orbe
521 1986 657 2036 terrarum
683 1998 729 2037 res
756 1999 866 2038 creasse
899 1983 994 2050 refert,
1018 2009 1062 2079 ff

126 2075 229 2123 terram
262 2083 297 2121 ex
330 2081 431 2121 arenae
464 2081 552 2134 grano
584 2065 750 2135 lingentem,
781 2067 870 2122 virum
902 2072 994 2122 autem
1049 2060 1058 2074 ”

95 2146 100 2152 ’
126 2155 244 2222 eiusque
262 2150 407 2205 mulierem
424 2165 460 2205 ex
478 2149 586 2204 arboris
603 2141 710 2205 trunco.
748 2151 869 2215 Quorum
887 2149 995 2220 posteri

126 2253 211 2308 quum
237 2249 389 2305 permagno
415 2232 568 2302 periissent
586 2233 702 2302 diluvio,
729 2235 836 2290 Manitu
863 2233 995 2301 Kiebton,

127 2322 215 2376 tradit
233 2319 283 2374 illa
300 2318 403 2386 sabula,
427 2335 529 2374 novum
551 2334 715 2388 procreasse
733 2318 880 2385 humanum
898 2334 995 2388 genus,

127 2406 241 2462 marinis
254 2402 420 2458 animalibus
433 2403 642 2472 auxiliantibus,
660 2419 732 2473 quae
750 2404 830 2473 aquis
842 2419 898 2459 non
910 2398 995 2457 inter-

127 2493 205 2546 l’ecta
230 2488 385 2553 fuissent,
414 2487 514 2556 ltaque
542 2487 719 2544 Odschibvae
746 2494 859 2542 narrant
885 2487 997 2554 (Miiller

128 2575 255 2631 Amenk.
281 2573 451 2643 Urreligion.
466 2591 494 2644 p.
520 2573 600 2642 rra),
623 2572 861 2629 Manoboahoncm
884 2589 915 2628 se
939 2588 995 2628 ser-

128 2676 212 2718 vasse
239 2657 393 2726 ediluvio,
420 2659 449 2712 in
476 2659 603 2715 arborem
627 2658 844 2728 profugientem.
890 2659 996 2724 Quibus

127 2746 212 2801 sactis
230 2744 319 2800 undas
336 2743 491 2800 subsistere
504 2750 588 2812 atque
601 2746 764 2800 decrescere
782 2746 996 2816 iussissentque

127 2840 218 2888 terras
241 2827 342 2888 iterum
367 2846 478 2886 creasse
502 2829 667 2887 animalibus
691 2831 898 2888 adiuvantibus.
943 2830 998 2884 llla

129 2919 203 2973 enim
221 2916 480 2999 submergebantur,
503 2916 593 2970 donec
611 2921 705 2970 castor
722 2916 830 2986 aliquid
852 2922 943 2972 terrae
962 2915 998 2969 ab

128 3005 209 3074 aquis
228 3003 379 3058 inundatae
400 3006 568 3072 asportaret,
592 3016 647 3069 qua
670 3016 705 3056 ex
729 2999 815 3070 gleba
838 3001 914 3057 orbis
942 3005 996 3054 ter-

128 3107 220 3146 rarum
238 3089 387 3144 restitutus
406 3095 491 3158 atque
510 3086 633 3142 resectus
646 3085 692 3140 sit.
729 3084 835 3140 Eodem
848 3085 931 3140 modo
948 3100 997 3152 ge-

128 3174 248 3230 neratim
266 3173 301 3227 de
320 3172 429 3227 diluvio
441 3175 536 3226 narrat
548 3169 644 3227 sabula
656 3170 893 3226 Knisteauxorum
908 3167 996 3235 (Milll.

129 3260 148 3314 l.
162 3263 207 3326 e).
244 3258 322 3324 Quae
335 3256 402 3312 olim
415 3272 511 3312 omncs
524 3255 682 3327 submersos
696 3270 759 3311 esee
771 3254 898 3309 homines
911 3251 999 3307 refert
