2278 3760
489 268 656 324 „md

138 439 205 478 euos
224 419 329 478 liberos
349 437 499 492 corumque
519 425 649 482 mulieres
672 426 925 498 recipiendorum
948 443 1011 484 oum

138 516 216 564 corto
235 515 373 563 certorum
392 509 550 564 animalium
570 517 600 566 et
612 511 767 584 piuntanrm
786 531 909 569 numero.
939 515 1010 569 Nem

89 611 90 615 ¹
137 612 192 650 non
218 593 345 650 funditur
373 595 490 664 perdere
518 596 609 651 rolnit
636 599 713 652 Dorre
741 600 834 653 orbem
862 608 1009 668 terrarum,

136 681 187 736 secl
212 678 295 733 modo
320 679 468 736 emendare
492 691 576 752 utque
601 683 629 737 in
656 684 755 738 melino
783 685 907 745 reticere.
955 689 1007 742 (ui

135 766 248 835 quidem
279 764 356 819 dieto
387 765 522 822 obediens
553 767 682 824 Noeehus
713 785 803 824 aream
833 773 1006 828 aedificarit.

135 852 234 918 Neque
243 850 415 920 multopost,
434 855 509 920 quod
527 872 543 909 n
557 856 619 908 Deo
633 856 805 924 praedictum
819 864 887 925 eret,
903 859 1005 914 malum

135 935 293 1001 ingruebat.
339 939 490 1006 Postquam
516 941 634 996 intravit
658 941 788 996 Noecbue
815 958 876 996 oum
908 943 1006 998 liberis

134 1023 193 1078 suis
212 1027 296 1089 etque
316 1022 481 1078 animalibus
499 1041 606 1092 navem,
626 1031 700 1079 terro
719 1026 782 1094 ipse
802 1027 914 1095 aperuit
927 1029 1006 1083 cinus

134 1121 265 1174 correnum
280 1111 364 1173 utque
379 1107 529 1175 voragines
542 1109 691 1176 fontesque
710 1117 739 1164 ct
752 1127 803 1180 per
815 1113 1004 1180 quadraginta

133 1193 195 1246 dics
214 1197 244 1244 et
262 1197 360 1245 noctes
374 1198 510 1260 perpetua
523 1197 801 1261 taritaqrrouquannn
815 1197 858 1250 vis
872 1198 908 1252 de
921 1199 1004 1252 coeio

133 1277 160 1330 in
189 1283 278 1330 terras
306 1275 395 1329 effireu
419 1283 474 1342 oet,
501 1283 533 1330 ut
559 1293 654 1331 omnes
682 1293 727 1332 ree
755 1280 902 1347 animatae,
929 1295 1003 1350 qrrrre

133 1367 229 1416 essent
247 1361 275 1413 in
294 1361 361 1414 orbe
381 1367 524 1430 terrerum,
549 1362 629 1429 equis
647 1363 764 1418 obrutae
784 1365 918 1433 perirent.
958 1368 1003 1421 lta.

132 1463 200 1502 vero
228 1446 403 1514 erigebantur
432 1453 461 1501 et
488 1449 651 1502 crescebant
679 1462 775 1516 equae,
804 1455 836 1504 ut
866 1452 1001 1506 montium

131 1545 298 1586 summorum
334 1531 454 1586 culmina
489 1539 661 1600 tegerentur.
711 1533 780 1586 Tum
800 1534 886 1588 'uero
923 1537 1001 1590 Dens

131 1618 294 1671 recordatus
325 1619 404 1686 probi
427 1620 518 1675 illine-
542 1621 604 1686 riri,
637 1621 683 1688 qni
703 1618 779 1673 solus
810 1633 859 1687 per
888 1626 1000 1675 vastum

131 1715 262 1770 aquarum
284 1705 425 1772 gurgitem
450 1706 544 1774 fragili
569 1706 597 1758 in
621 1705 685 1759 neri
710 1704 875 1771 iactabatur,
903 1721 1000 1773 snper-

130 1787 208 1841 fusas
235 1789 511 1855 oquasnIeoreecerc
539 1797 683 1858 terraeque
712 1790 811 1842 iterum
837 1788 1000 1856 relinquere

130 1872 221 1939 iussit,
240 1879 271 1925 ut
289 1889 354 1926 aree
372 1873 477 1930 Noncbi
497 1875 581 1942 paulo
606 1879 670 1943 poet
693 1889 798 1928 summo
821 1873 849 1925 in
876 1872 999 1928 Arnrnto

129 1963 223 2010 monte
257 1957 436 2012 subsisteret.
485 1959 592 2023 Quibus
627 1957 711 2012 factis
746 1957 835 2026 primo
867 1957 999 2014 Noechns

129 2057 250 2106 corvum,
277 2040 380 2094 deinde
405 2041 558 2097 columbam
582 2043 676 2097 emisit
694 2059 728 2096 ex
747 2057 819 2108 aron,
838 2043 885 2110 qui
905 2045 997 2112 ipsum

128 2125 276 2179 certiorem
295 2126 422 2180 iacerent
440 2127 475 2180 de
499 2134 574 2182 stetu
598 2141 739 2195 aquarum.
783 2126 860 2192 Quuc
883 2129 998 2196 quidem

127 2209 255 2264 columba
279 2211 314 2264 ad
339 2227 401 2264 eom
426 2227 547 2278 reveren,
571 2211 651 2265 oleae
674 2227 778 2264 ramum
797 2211 903 2280 rotulit,
925 2215 998 2268 unde

127 2293 257 2349 Nouchue
276 2296 419 2363 cognorit,
446 2295 528 2350 finem
552 2297 605 2350 iam
630 2295 730 2350 adesse
750 2295 874 2350 laborum
894 2304 924 2351 ct
941 2315 998 2353 nra·

127 2379 215 2431 lorum
239 2395 360 2434 suorum.
397 2380 479 2434 Haud
504 2381 592 2434 multo
611 2385 685 2448 post,
704 2381 782 2434 Deus
800 2380 916 2436 Noaeho
934 2399 998 2452 per-

125 2463 211 2530 misit,
229 2471 269 2533 ut,
288 2471 423 2520 terrerum
442 2466 509 2520 orbe
529 2465 637 2519 ‹iiiurio
656 2464 776 2518 liberato
796 2471 825 2518 et
843 2467 998 2534 exsiccato,

125 2561 206 2600 arcae
225 2547 355 2617 latebras,
374 2549 584 2617 eumornnibue,
602 2550 650 2618 qni
664 2565 757 2603 secum
776 2549 804 2602 in
817 2548 870 2604 hoe
882 2551 998 2620 refugio

125 2631 237 2687 fucrant
249 2636 363 2702 verenti,
382 2635 562 2702 relinqueret.
591 2636 742 2701 Postquam
756 2633 798 2686 ilii
812 2645 998 2692 excesserunt

124 2721 156 2769 ot
173 2719 262 2784 gratis
275 2719 374 2774 enimie
386 2720 476 2774 Deum
491 2719 617 2774 venerati
631 2723 704 2784 eunt,
722 2717 775 2772 hoe
791 2733 852 2772 oum
871 2723 997 2776 recentis

124 2801 264 2856 bominum
288 2805 401 2872 generis
423 2809 548 2873 parente,
576 2811 608 2858 ut
631 2803 769 2870 quondum
792 2817 854 2856 oum
874 2803 996 2873 Adoreo,

123 2886 224 2941 medus
248 2895 358 2944 creator
383 2889 467 2944 inivit
494 2903 612 2957 eumque
639 2888 731 2941 cuncti
756 2889 832 2943 orbis
857 2895 996 2944 terrerum

122 2976 259 3027 rectorem
277 2974 354 3042 feeit,
373 2975 452 3030 enine
466 2973 606 3028 amicitiae
623 2971 703 3040 quasi
716 2977 860 3026 aeternum
873 2973 996 3043 signnm,

122 3063 216 3111 areum
245 3058 397 3114 coelestem
427 3059 455 3112 in
485 3057 606 3111 nubibus
638 3057 742 3125 noscit.
795 3057 895 3125 Itaque
924 3061 996 3114 orbe

122 3149 257 3196 terrerum
274 3144 423 3212 pristinum
442 3144 469 3197 in
493 3141 618 3196 ordinem
642 3141 758 3194 redacto
781 3141 913 3197 Noecbcs
937 3161 997 3199 urm

121 3239 183 3281 cum
210 3225 284 3296 tiliis,
312 3227 384 3296 Sem,
412 3227 498 3281 Citam
526 3231 555 3278 et
581 3223 688 3294 iaphet
714 3224 895 3282 fundamenta
922 3227 999 3285 iceit'
