2278 3760
500 239 670 298 ..42-

147 409 211 449 mea
223 394 364 466 opinione,
377 399 477 452 natans
489 395 539 452 ilia
551 396 651 465 insula,
661 413 733 467 quae
745 397 831 465 Horo,
842 399 1022 458 -Bubastis

149 483 179 534 et
197 479 290 536 Horus
308 480 390 536 unius
408 481 455 537 dei
474 487 539 538 sunt
556 483 671 538 diversa
687 482 1021 554 nomina—Typhonem

148 563 271 633 fugienti
289 571 351 621 erat
368 565 462 635 saluti,
480 567 606 637 conspici
624 573 729 637 potest.
766 568 867 638 Itaque
880 568 1020 624 redditam

151 649 284 706 habemus
302 651 511 722 Aegyptiorum
530 652 652 708 fabulam
669 653 705 708 dc
722 652 832 710 diluvio
843 645 1022 722 gravissimis

149 751 182 790 oc
208 735 369 805 praecipuis
396 735 587 806 lineamentis,
619 752 710 806 neque
737 755 809 808 opus
835 744 894 807 est,
924 745 957 796 ut
983 756 1019 796 ex

148 819 311 876 coniectura
327 821 499 891 Buttmanni‚
517 822 655 878 hominem
669 829 812 880 servatum
829 840 891 880 cum
909 824 1020 881 diluvio

148 905 212 976 ipso
230 912 409 963 commutare.

218 990 310 1046 XXV.
322 991 379 1047 Sed
392 993 629 1062 progrediendum
639 993 729 1049 estad
739 994 888 1064 Europam,
901 994 1019 1066 eiusque

148 1076 184 1130 de
203 1075 312 1131 diluvio
329 1077 440 1134 fabulas
457 1079 584 1136 breviter
605 1079 771 1148 intueamur,
795 1080 894 1150 quales
912 1081 971 1136 sint
989 1089 1020 1137 et

147 1161 288 1230 quomodo
316 1162 373 1218 sint
400 1164 581 1233 excogitatae
608 1181 626 1219 a
651 1165 774 1222 diversis
799 1165 923 1236 populis.
974 1167 1020 1222 Ac

147 1246 265 1318 primum
282 1247 394 1316 quidem
408 1248 578 1304 Graecorum
596 1248 648 1306 hae
666 1251 701 1305 de
720 1267 750 1306 ro
768 1249 879 1306 fabulas
894 1257 1018 1308 oontem-

147 1331 219 1401 plari
232 1331 325 1388 liceat.
361 1332 404 1388 Ne
417 1334 508 1389 dicam
520 1334 557 1388 de
569 1335 709 1390 varietate
722 1339 752 1390 et
764 1335 848 1405 copia
859 1334 1018 1392 fabularum

148 1416 225 1472 illius
236 1417 345 1488 populi,
364 1418 465 1473 Graeci
478 1434 590 1488 quoque
609 1425 638 1474 ct
650 1424 764 1489 praeter
776 1424 887 1478 ceteros
899 1420 1022 1491 populos

148 1500 298 1570 excellunt,
316 1501 383 1572 quia
400 1502 588 1571 antiquissimi
606 1508 679 1570 sunt,
697 1504 745 1572 qui
762 1505 844 1560 nobis
863 1505 891 1560 in
904 1506 1020 1576 Europa

147 1592 304 1642 occurrunt.
341 1586 384 1642 Ex
402 1587 583 1642 multitudiue
606 1604 674 1643 vero
693 1588 849 1644 fabularum
867 1607 963 1646 corum
981 1591 1018 1646 de

136 1671 257 1727 'diluvio
275 1672 501 1742 compositarum,
519 1671 730 1728 Deucalioneae
744 1673 828 1730 modo
846 1673 960 1730 fabulae
977 1692 1019 1730 ra·

148 1757 253 1812 tionem
272 1755 375 1812 habere
393 1773 550 1827 possumus,
574 1758 641 1827 quia
658 1757 708 1812 illa
726 1759 800 1816 iuter
818 1777 914 1816 omnes
932 1759 1019 1816 Grae·

147 1841 312 1897 eorum'hac
329 1841 365 1896 dc
384 1858 414 1896 re
432 1840 543 1896 fabulas
561 1841 646 1912 longe
665 1841 807 1898 simillima
825 1848 870 1899 ost
887 1843 923 1912 ci,
946 1860 1020 1914 quae

147 1927 229 1983 nobis
248 1933 293 1982 est
310 1925 415 1981 tradito
432 1926 527 1981 sacris
544 1927 573 1980 in
590 1927 690 1995 literis,
714 1944 799 1998 quum
818 1927 929 1998 ogygia
946 1928 1019 1984 dilu-

148 2013 231 2080 vium,
249 2019 282 2067 ut
295 2012 350 2066 iam
361 2011 549 2066 Buttmanuus
560 2010 705 2081 praeclare
718 2011 931 2079 demonstravit,
949 2010 1020 2066 nihil

147 2097 243 2153 valeat
261 2097 297 2152 ad
320 2113 362 2164 ea,
380 2112 452 2166 quae
471 2095 563 2150 Vetus
581 2095 793 2152 Testamentum
811 2095 908 2152 refert.
944 2097 1019 2154 Deu-

148 2181 249 2250 calion,
262 2181 310 2250 qui
321 2198 355 2236 ex
367 2181 460 2236 Orosii
472 2181 605 2251 opinione
617 2181 653 2236 ad
663 2182 829 2238 Parnassum
839 2180 1020 2250 habitaverit,

147 2273 180 2322 ut
206 2273 300 2324 autern
327 2266 429 2322 Strabo
457 2265 575 2321 tradidit
600 2265 629 2322 in
655 2266 775 2322 Locride
802 2267 919 2335 vixerit,
952 2268 1020 2337 quin

148 2351 233 2407 etiam
253 2369 288 2407 ex
301 2352 457 2408 Pausaniae
476 2349 619 2407 sententia
636 2349 762 2406 Atticam
780 2351 937 2420 incoluerit,
955 2352 1020 2422 pius

147 2454 181 2494 ae
198 2439 302 2507 probus
321 2437 366 2492 vir
382 2437 471 2492 fuisse
495 2434 608 2503 dicitur,
635 2436 791 2506 codemque
809 2437 901 2505 modo,
919 2435 1021 2494 mulier

148 2521 218 2590 eius,
237 2520 345 2593 Pyrrha
362 2523 512 2588 nominate,
530 2537 594 2576 nam
738 2587 748 2603 ἱ

250 2624 305 2662 non
323 2606 374 2663 illo
392 2606 492 2662 melior
509 2606 656 2676 qnisquam
674 2621 727 2662 nec
742 2607 882 2664 amantior
899 2608 983 2678 aequi

252 2693 297 2746 vir
314 2691 376 2758 fuit,
395 2698 444 2746 aut
461 2691 512 2746 illa
529 2690 699 2746 metuentior
716 2690 775 2745 ulia
792 2690 907 2748 deorum

146 2777 252 2832 cecinit
265 2776 391 2832 Ovidius.
411 2777 564 2845 Postquam
573 2780 675 2843 autern,
687 2776 763 2846 quod
773 2775 887 2845 quidem
899 2776 1021 2832 Ovidius

148 2867 292 2929 memorat,
311 2863 425 2931 Lycaon
447 2861 596 2929 ,Arcadum
615 2877 673 2929 rex,
696 2861 805 2916 malitia
828 2861 967 2916 scelerata
990 2867 1022 2918 ct

148 2948 331 3017 improbitate
349 2946 471 3002 nefanda
488 2946 572 3002 Jovis
591 2946 658 3000 iram
677 2945 823 3013 excitavit,
841 2944 888 3000 vcl
906 2950 939 3000 ut
956 2945 1021 3000 Ser·

149 3033 214 3088 vius
232 3031 323 3098 (Serv.
343 3032 379 3086 ad
397 3030 484 3099 Ver-g.
504 3030 603 3100 lielog.
621 3029 671 3084 v1.
685 3030 740 3098 41.)
758 3036 861 3098 narrat,
879 3030 1022 3099 gigantes,

147 3123 306 3172 ceterorum
335 3115 477 3172 hominum
506 3121 647 3186 parentes,
680 3115 871 3184 irritaverunt,
906 3114 1022 3185 Jupiter

147 3201 286 3269 decrevit,
321 3201 440 3273 perdere
476 3199 559 3256 nudis
588 3206 715 3256 cunctrrm
746 3199 885 3256 hominum
920 3215 1021 3270 genus.
