2278 3760
442 225 659 294 «es-

135 397 261 466 spicnam
280 394 482 464 cogitationem
500 393 536 450 dc
554 392 615 450 eins
627 392 766 463 religione
779 397 864 463 atque
876 393 1009 464 moribus,

136 481 252 536 vivendi
271 481 381 536 rat-ione
399 483 429 534 et
446 477 658 534 consuetudine.
695 477 765 532 Nam
776 494 832 532 non
844 478 1009 536 solum-duo

138 573 168 622 et
185 565 289 634 viginti
312 565 355 618 illi
378 564 442 620 libri
460 563 541 632 sacri,
567 579 639 632 quos
657 561 787 618 (llemcns
800 561 1009 621 Alexandrinus

137 650 260 706 alflrmat
277 650 313 706 ab
332 649 488 720 Aegyptiis
506 646 682 716 conscriptos
700 647 798 715 fuisse,
822 647 926 716 quique
947 648 1008 704 sine

138 735 225 792 dubio
253 734 433 805 explicabant
459 733 571 789 illorum
603 731 771 800 religionem
797 735 882 801 atque
908 747 1009 799 mores,

137 820 265 876 funditus
288 820 443 889 perierunt,
471 817 523 874 sed
548 817 633 872 etiam
651 815 782 872 aedificia
799 833 816 870 a
832 815 940 886 populo
958 815 1009 872 illo

139 911 219 962 tanto
249 905 345 960 labore
375 909 406 960 et
435 903 537 958 sudore
573 905 725 969 exstructa,
760 900 1009 958 innumerabilibus

138 990 370 1060 inscriptionibus
405 993 483 1044 tecta
517 992 547 1042 et
576 985 667 1041 libelli
696 985 751 1054 ipsi
781 986 810 1040 in
838 985 874 1042 iis
903 984 1009 1056 reperti

139 1075 295 1146 Aegyptiis
323 1075 415 1130 literis
442 1071 604 1141 conscripti,
632 1085 748 1140 quorum
775 1070 908 1140 ambages
931 1075 1010 1126 certo

138 1178 171 1216 ac
195 1161 279 1231 plane
307 1159 452 1215 resolvere
476 1171 642 1228 quamquam
666 1154 763 1210 subtili
789 1153 1010 1224 Champcllionis

138 1245 276 1315 etLepsii
294 1245 439 1300 doctrinae
458 1240 588 1317 contigit,
606 1239 642 1294 ad
655 1237 801 1294 historiam
819 1239 909 1308 magis
927 1255 1009 1308 quarn

136 1331 174 1387 ati
191 1331 402 1401 Aegyptiorum
420 1327 587 1396 religionem
605 1329 635 1379 et
652 1322 763 1380 fabulas
786 1321 891 1391 valent,
909 1322 1006 1392 itaque

137 1416 229 1485 magis
248 1414 410 1481 effecerunt,
428 1417 460 1467 ut
472 1410 675 1481 cogitationem
686 1409 745 1464 illis
757 1409 793 1464 de
805 1409 889 1464 rehns
900 1417 1009 1478 pertur-

139 1499 240 1554 barent
257 1514 339 1567 quarn
358 1497 541 1552 illustrarent.
572 1496 672 1566 Itaque
684 1495 783 1550 mbnm
795 1500 916 1563 nonest,
935 1493 1010 1564 quod

138 1599 277 1655 persaepe
299 1586 398 1640 eadem
421 1585 457 1640 dc
479 1600 509 1638 re
535 1583 658 1638 virorum
682 1582 828 1637 doctorum
851 1579 1010 1636 sentcntiae

78 1741 81 1746 Ι
139 1675 169 1724 ct
195 1669 344 1738 opiniones
371 1670 446 1724 inter
472 1684 503 1724 se
530 1667 709 1724 dissentiant.
751 1665 843 1730 Quare
870 1665 900 1720 id
926 1664 1010 1720 modo

138 1753 221 1808 nobis
237 1752 374 1822 reliquum
393 1759 446 1821 est,
464 1759 504 1822 ut,
522 1753 578 1808 nisi
596 1752 681 1808 aliam
698 1767 783 1820 snper
801 1751 884 1806 aliam
900 1750 1009 1806 coniec-

138 1843 228 1894 turam
245 1837 372 1907 profcrrc
385 1837 512 1906 velimus,
531 1838 566 1892 iis
579 1836 692 1907 quidem
704 1843 821 1904 utamur,
840 1853 913 1907 quae
927 1835 1010 1896 nobis

138 1921 244 1976 tradita
262 1921 380 1978 suntab
398 1921 559 1978 auctoribus
577 1921 684 1993 populi,
712 1923 760 1994 qui
778 1924 896 1980 multum
914 1935 1008 1977 versa-

137 2007 291 2062 baturcum
301 2005 464 2078 Aegyptiis,
483 2007 606 2064 Graecos
619 2007 692 2064 dico.
718 2009 845 2080 Exiguus
855 2007 1009 2065 relationes

138 2093 174 2146 ab
192 2091 346 2158 Herodoto,
365 2090 492 2146 Diodoro
517 2092 622 2160 Siculo,
642 2091 789 2161 Strabone,
808 2089 961 2148 Plutarcho
980 2093 1010 2144 et

141 2175 229 2230 Clem.
252 2173 445 2230 Alexandrino
457 2175 492 2231 de
506 2176 715 2247 Aegyptiorum
726 2176 874 2246 religione,
886 2175 1011 2231 moribus

139 2265 170 2316 et
193 2259 277 2314 rebus
301 2257 392 2326 gestis
409 2260 491 2318 nobis
516 2263 644 2331 traditas,
667 2263 838 2333 perscrutari
863 2279 915 2318 nos
939 2276 1013 2331 opus

140 2350 193 2412 est,
213 2350 243 2398 et
260 2359 295 2398 ea
312 2359 348 2398 cx
366 2343 424 2402 illis
443 2361 603 2417 excerpere,
622 2364 693 2416 quae
708 2351 776 2416 apta
793 2346 875 2402 nobis
893 2345 929 2400 acl
947 2361 1010 2416 pro·

139 2430 261 2503 positam
292 2428 485 2498 quaestionem
516 2432 721 2503 expediendam
751 2432 908 2488 videantur.
954 2428 1012 2484 Sed

139 2516 217 2586 quod
234 2516 270 2572 ad
288 2514 425 2572 diluvium
438 2516 550 2586 attinet,
564 2517 758 2585 Buttmannus,
777 2517 821 2573 vir
834 2513 1012 2572 acutissimus

140 2607 171 2658 ct
188 2601 369 2658 doctissimus
387 2599 472 2656 iudex
490 2601 634 2666 literarum
651 2602 836 2671 antiquarum,
854 2599 884 2654 in
900 2595 1011 2668 Mytho·

140 2685 261 2756 logo-(I.
280 2703 308 2755 p.
328 2684 474 2752 ree-200)
493 2685 653 2742 iamdudum
676 2688 869 2744 demonstrare
894 2688 1012 2742 conatus

77 2777 81 2786 '
141 2778 195 2840 cst,
204 2768 542 2838 fabulamAcgyptiorum
552 2771 784 2828 dediluviohunc
793 2772 822 2826 in
831 2769 1012 2834 modumesse

142 2855 372 2924 componendam.
392 2854 461 2912 Nam
468 2855 728 2925 Xisuthrumillum,
740 2855 887 2926 qnemiam
894 2868 1012 2912 comme·

140 2939 319 3006 moravimus,
337 2937 456 2996 eundem
473 2936 559 2995 habet
577 2957 610 2996 ac
628 2939 825 3007 Sesostridem,
852 2937 910 3010 qni,
938 2937 1013 3007 quod

142 3025 179 3079 de
206 3021 245 3079 eo¹
270 3029 327 3077 tam
354 3020 484 3078 sabulosa
509 3029 622 3080 narrata
650 3025 715 3093 sint,
745 3023 901 3080 fabularum
929 3021 1013 3084 morlo

142 3109 233 3164 forma
262 3106 301 3162 sit
329 3108 479 3177 putandus.
527 3107 592 3166 Vox
622 3115 716 3166 autem
743 3105 913 3164 Sesostridis
942 3102 1013 3158 nihil

143 3194 221 3252 aliud
239 3199 284 3250 est
302 3210 337 3250 ex
349 3194 511 3250 Buttmanni
524 3193 656 3269 opinione
672 3191 726 3253 nisi
738 3189 913 3269 resupinata
925 3187 1014 3252 forma
