2278 3760
487 255 656 310 ..43-

138 411 296 467 Deucalion
314 427 383 466 vero
401 426 419 464 a
435 409 612 476 Prometheo,
630 409 675 464 eui
687 426 704 464 a
718 407 894 478 providendo
905 423 1006 462 nomen

137 498 303 564 dictumest,
322 496 358 550 de
376 495 538 550 imminente
549 494 629 548 malo
648 493 815 560 admonitus,
832 509 923 548 arcam
942 509 1016 550 cour

137 581 250 648 struxit,
269 597 352 651 quam
369 597 424 634 una
442 597 504 634 curn
521 597 609 636 uxore
622 597 673 634 sua
684 579 904 648 ingrediebatur.
924 577 1006 632 Haud

137 668 227 722 multo
245 672 319 736 post,
338 665 480 721 terribiles
498 670 684 735 tempestates
702 670 787 734 atque
801 664 903 720 imbres
922 661 1006 718 vehe-

137 751 305 807 mentissimi
324 752 359 806 de
377 751 458 806 coelo
476 751 505 804 in
518 756 608 806 terras
620 751 767 817 irruerunt,
785 748 898 804 tlumina
916 745 1006 802 ulveis

138 841 329 904 excesserunt,
347 841 379 891 ut
397 841 475 892 totus
493 835 570 891 orbis
588 841 724 890 terrarum
735 835 818 890 undis
831 834 1005 888 obrueretur.

137 922 340 977 Deucalionem
357 921 442 976 etiam
460 937 554 976 secum
567 921 595 976 in
607 937 698 974 arcam
713 937 769 975 non
785 919 874 976 solum
891 933 1006 974 uxorem

137 1023 200 1062 cum
217 1007 315 1062 liberis
333 1006 391 1061 suis
409 1007 524 1062 duxisse
542 1007 593 1062 sed
611 1006 697 1062 etiarn
715 1006 836 1060 omnium
847 1002 1007 1059 animalium

137 1093 218 1162 paria
241 1091 393 1160 delegisse,
416 1097 511 1146 namet
533 1091 615 1147 uobis
633 1091 773 1146 Lucienus
797 1089 842 1155 (de
870 1089 924 1144 dee
943 1088 1005 1157 Syr.

138 1194 161 1231 c.
190 1177 233 1230 12.
262 1177 314 1244 13).
359 1175 468 1231 Novem
494 1192 546 1246 per
572 1176 634 1231 dies
659 1181 814 1246 noctesque
840 1191 892 1244 per
917 1173 1006 1228 undas

138 1262 304 1317 iactabatur.
340 1261 411 1314 Tum
429 1278 465 1316 ex
477 1259 659 1316 Deucalionis
671 1277 743 1328 arca,
761 1259 889 1314 columba
905 1258 1007 1312 emissa

137 1353 182 1402 est
201 1346 286 1412 (Plut.
300 1346 336 1400 de
355 1345 483 1400 sollertia
501 1345 635 1400 animale.
649 1346 713 1413 itt),
730 1350 763 1400 ut
781 1349 1007 1414 cognosceretur,

136 1449 202 1486 num
229 1430 407 1488 decreverint
433 1431 537 1500 undae,
565 1447 636 1500 quae
658 1431 748 1500 primo
771 1430 884 1500 quidem
910 1429 1007 1494 redux,

137 1522 241 1588 postca
257 1532 314 1571 non
331 1531 446 1570 reversa
464 1520 517 1570 est.
555 1515 635 1580 Quod
653 1514 821 1570 Deucalioui
839 1515 1006 1570 documento

137 1607 213 1669 erat,
245 1616 333 1670 aquas
356 1600 411 1654 iarn
434 1599 561 1677 relapsas
585 1615 657 1656 esse.
703 1601 773 1656 Tum
797 1616 866 1654 vero
890 1615 955 1652 arca
978 1597 1006 1652 in

137 1689 277 1756 Parnasso
303 1691 398 1740 monte
425 1684 555 1740 subsedit
584 1691 613 1740 et
639 1685 796 1741 Deucalion
828 1689 958 1740 servatus
990 1699 1006 1738 e

136 1771 258 1838 diluvio,
295 1769 388 1824 omnia
414 1775 574 1838 evertente,
606 1771 729 1826 recentis
756 1770 869 1840 generis
894 1768 1006 1824 humani

137 1861 237 1912 auctor
254 1860 284 1910 et
301 1870 403 1924 parens
421 1853 513 1910 factus
532 1860 584 1910 est.
631 1856 707 1921 Quae
726 1856 839 1925 quidem
858 1859 902 1910 eit
920 1853 1005 1908 Grac·

136 1957 231 1996 corum
244 1939 280 1994 de
293 1939 401 1995 diluvio
413 1938 516 2004 subula,
532 1939 653 1996 disiecta
664 1940 777 1997 fabulae
787 1941 864 1996 illius
876 1940 1006 2005 membra,

136 2043 153 2080 a
165 2024 288 2080 diversis
298 2024 459 2080 auctoribus
470 2029 606 2094 enarrata,
615 2043 697 2080 unam
709 2027 738 2080 in
750 2025 866 2082 sormam
878 2025 1007 2094 redigere
1041 2032 1046 2040 ’

136 2111 159 2166 si
172 2110 301 2178 velimus,
312 2126 368 2179 qua
379 2109 407 2163 in
420 2126 450 2164 re
463 2110 575 2164 maximi
588 2117 633 2165 est
644 2111 786 2180 momenti,
799 2111 874 2180 quod
883 2109 1006 2165 ovidius

137 2195 234 2264 refert,
258 2193 399 2266 Lycaonis
417 2194 553 2249 malitiam
571 2195 671 2250 diluvii
696 2212 807 2252 causam
824 2195 927 2262 fuisse,
951 2195 1005 2263 Ly-

136 2280 233 2336 caonis
252 2285 344 2335 autem
362 2295 472 2346 nomen,
489 2280 518 2334 in
536 2295 592 2351 quo
610 2295 706 2349 regem
724 2280 752 2336 in
777 2280 871 2351 lupum
890 2279 1005 2348 [cenem]

135 2371 272 2420 mutatum
290 2364 494 2434 cognoscimus,
512 2363 663 2422 manifesto
681 2365 787 2422 indicat
805 2371 910 2421 astmm
927 2363 1006 2430 illud,

136 2449 240 2504 Sirium
268 2445 429 2518 [Taschtcr,
457 2450 581 2521 Tistrys]
615 2451 761 2506 Persarum
793 2467 826 2505 ac
859 2448 1005 2506 Sothidem

137 2534 356 2605 Aegyptiorum.

205 2618 312 2673 XXVI.
355 2611 519 2689 Priusquam
550 2637 618 2676 vero
647 2621 836 2690 relinquamus
856 2621 1006 2690 Europam,

135 2703 249 2759 tabulae
261 2704 297 2760 dc
316 2703 425 2760 diluvio
443 2705 518 2774 apud
537 2704 718 2762 Germanicos
735 2707 857 2777 pupulos
875 2711 1006 2776 repertae

135 2787 307 2844 mentionem
325 2787 371 2843 hic
389 2788 482 2845 lacere
501 2791 594 2857 liceat,
623 2807 695 2861 quae
713 2793 829 2861 gravior
852 2798 904 2860 est,
924 2807 1006 2862 quam

135 2879 167 2929 ut
186 2889 246 2928 earn
265 2874 396 2928 omittere
414 2873 563 2943 possimus.
601 2874 717 2931 Sincera
729 2883 758 2932 et
773 2893 850 2932 mera
863 2877 1007 2932 iuvenitur

134 2959 232 3014 fabula
250 2957 319 3013 baec
337 2957 366 3012 iu
385 2958 457 3014 libro
475 2958 526 3013 illo
544 2960 692 3016 notissimo
705 2962 786 3017 Euda
804 2963 896 3028 (lidda
912 2963 1004 3018 iibers.

135 3061 163 3098 v.
184 3044 219 3100 li.
240 3042 368 3098 Slmrock
383 3061 411 3113 p.
425 3044 496 3112 281.)
516 3044 729 3116 Gyliagiuning.
749 3049 773 3105 7.
794 3047 872 3102 cuius
890 3063 1006 3115 gravem

72 3129 75 3134 '
135 3127 291 3184 orationem
309 3143 361 3198 pro
373 3129 619 3184 circumlocutione
636 3130 681 3185 hic
694 3131 820 3186 afferam:
841 3131 901 3198 ,Da
912 3131 1005 3198 frsgte

135 3211 280 3283 Gangleri,
293 3213 347 3268 wie
360 3219 510 3284 vertrsgen
523 3214 583 3274 sich
600 3215 680 3274 diere
698 3215 808 3283 (Odhin,
827 3215 904 3282 Wili,
922 3211 1018 3286 wem
