2278 3760
471 254 640 311 —19-

188 405 239 473 Qut
260 407 422 464 vero‘hono
444 411 612 464 sententiam
636 410 740 464 habent
768 409 795 464 in
823 426 858 464 eo
880 422 991 478 anrque

112 495 171 561 ,niti
189 495 290 562 solent,
310 496 385 564 quoti
404 497 489 551 etiam
507 511 600 550 moros
613 503 697 565 atrlue
711 497 790 563 leges
808 497 843 551 ad
862 495 991 549 nationes

116 577 277 649 populosve
297 579 489 648 migraverint,
507 596 590 649 qnnm
604 580 744 649 pemnrltn
761 579 843 636 nobis
861 577 992 648 exempla

117 664 255 734 praebeat
264 663 401 719 historiar
412 665 546 733 cognitio,
560 681 595 719 ex
606 666 715 734 quibus,
726 664 847 734 populos
857 664 991 732 quosdam

117 751 154 804 ab
172 749 237 804 aliis
262 750 291 804 in
314 757 486 820 potestatem
511 751 649 816 redaetos,
677 750 761 804 immo
789 764 857 803 vero
885 749 920 802 ab
947 749 991 802 iis,

115 851 188 903 qnos
212 835 267 904 ipsi
294 835 460 902 devicerint,
485 834 565 903 leges
590 841 674 904 atque
698 851 798 901 mores,
824 849 894 902 quoe
917 833 992 902 apml

115 919 184 974 illos
208 919 368 974 invenerint
392 921 502 989 sibique
526 927 609 990 aptos
637 921 843 989 usurpaverint.
889 920 991 974 Persas

114 1003 206 1072 igitur
229 1005 350 1059 libenter
372 1005 489 1060 aliorum
513 1007 680 1076 populorum
702 1021 802 1072 mores,
831 1005 855 1059 si
878 1005 990 1073 quidem

114 1090 189 1158 ipsis
206 1090 360 1160 placerent,
383 1091 520 1146 ascivisse
544 1091 711 1161 accepimus,
736 1089 810 1144 siout.
828 1089 990 1144 Herodotus

114 1174 198 1228 nobis
216 1174 303 1229 tradit
316 1175 349 1238 (Ι.
364 1175 434 1240 135.)
446 1191 508 1228 nam
522 1174 633 1237 ξεινικὰ
651 1175 691 1229 ait
705 1173 753 1228 ille
764 1172 870 1242 νόμαια
882 1172 990 1243 Πέρσαι

118 1268 281 1332 reporimus
299 1259 414 1332 ἀνδρῶν
438 1255 559 1328 μάλιστα
584 1262 630 1312 καὶ
653 1257 709 1332 γὰρ
734 1258 769 1324 riri
791 1255 841 1322 τήν
858 1254 990 1322 Madiane

112 1344 220 1408 ἶσθῆτα
245 1353 409 1410 νομίσαντες
433 1351 479 1408 τῆς
496 1345 609 1396 ἑωυτῶν
633 1343 705 1396 riam
729 1344 832 1395 καλλίω
856 1347 991 1414 φορέουσι

114 1433 171 1481 eto.
217 1427 305 1495 Atqui
330 1427 359 1480 id
384 1435 429 1481 est
451 1427 670 1493 observandum,
696 1426 812 1480 mnltnm
840 1426 987 1488 interesse,

111 1517 206 1566 ntrnm
225 1511 351 1580 legem,
370 1529 497 1566 morem
517 1512 865 1567 eonsuetrrtlinemre
883 1528 918 1565 an
936 1510 987 1563 la·

113 1598 226 1652 liniam
244 1598 422 1666 eeoipiamns.
466 1597 535 1651 Nam
555 1598 612 1666 legi
632 1607 680 1652 mrt
699 1597 894 1651 consuetudini
913 1595 987 1650 hand

112 1681 241 1736 ‹liiiioilis
259 1691 304 1736 est
322 1681 357 1736 od
376 1679 503 1756 homines
522 1681 624 1748 aditus,
644 1682 667 1736 si
686 1681 798 1750 quidem
815 1680 860 1734 lex
873 1679 923 1734 illa
942 1677 987 1733 vel

112 1766 291 1821 consuetudo
318 1766 430 1820 omnino
456 1766 537 1820 ntilis
564 1769 691 1835 quaeque
720 1765 875 1834 aeeipiatnr
901 1764 987 1832 (ligna

111 1851 252 1916 videntur,
270 1851 343 1904 siout
361 1867 480 1904 noanon
494 1851 590 1919 pudet,
610 1865 732 1918 eaquae
752 1849 848 1918 Angli,
868 1849 988 1903 l'ranoo·

112 1935 186 2004 galli
204 1941 235 1988 et
253 1933 412 1988 Amerieaoi
431 1934 598 2000 invenerint,
613 1934 650 2002 ⁴in
675 1949 754 1988 usum
773 1939 899 1988 nostrum
923 1947 987 1986 eon-

112 2021 246 2076 vertisse.
284 2019 351 2073 Alia
369 2020 479 2074 ratione
492 2025 590 2074 eontra
607 2019 702 2074 fabola
715 2026 767 2086 est,
787 2035 859 2088 qnae
875 2019 988 2087 quidem

111 2121 204 2174 neque
222 2104 319 2159 inferri
339 2111 436 2172 potest
455 2105 483 2157 in
502 2110 615 2158 exteras
634 2111 723 2158 terras
748 2119 838 2172 neque
862 2102 987 2172 hospita-

111 2189 179 2243 liter
196 2188 275 2256 quasi
295 2188 466 2257 recipitura
490 2187 602 2256 populis
624 2187 792 2256 peregrinis.
834 2188 887 2242 Est
911 2187 984 2242 eninr

111 2272 210 2326 sabula
236 2303 269 2310 —
297 2272 320 2326 si
344 2272 385 2325 ite
410 2272 504 2326 (licere
523 2271 589 2324 milri
610 2271 677 2325 lieet
704 2301 736 2310 -
766 2272 844 2340 quasi
874 2271 987 2325 honneni

112 2358 228 2425 generis
256 2356 409 2426 speculum,
437 2358 465 2410 in
490 2373 545 2425 qno
575 2372 609 2409 ea
630 2357 713 2411 mono
732 2356 890 2423 eemnrrtnr,
915 2372 987 2426 qnae

112 2441 235 2512 populns
255 2441 316 2511 ipse
335 2447 365 2495 et
383 2441 455 2496 vidit
479 2447 509 2494 et
530 2441 620 2494 sensit
638 2446 668 2494 et
686 2441 839 2509 cogitavit3
864 2440 987 2497 fabulam

112 2527 167 2582 sibi
194 2527 357 2596 acquirendi
385 2525 453 2579 nulli
482 2525 588 2594 populo
616 2531 661 2578 est
688 2525 808 2579 facultas
839 2525 902 2593 nisi,
926 2524 987 2594 ipse

112 2612 195 2667 lnrirm
214 2611 326 2668 fabulae
345 2610 431 2665 habet
448 2609 585 2678 originem
599 2616 684 2678 atone
697 2609 850 2664 materiam.
881 2609 989 2675 Fabula

113 2715 182 2753 vero
199 2697 351 2766 peregrina
370 2695 437 2750 lieet
455 2695 611 2764 aooipiatnr
628 2711 645 2748 a
663 2695 764 2762 quovis
781 2695 895 2764 popolo,
922 2711 985 2766 pro·

112 2785 201 2854 priam
220 2783 276 2837 vim
299 2788 329 2836 et
352 2787 478 2835 naturam
502 2781 644 2849 deponere
668 2793 754 2848 seque
791 2780 864 2836 alins
889 2779 987 2850 popnli

113 2869 237 2938 ingenio,
263 2866 348 2936 plane
376 2857 533 2934 ex'aeqnare
556 2878 695 2932 nunquam
718 2871 829 2934 potest,
857 2866 932 2921 sient
958 2872 988 2919 et

112 2969 164 3009 nos
186 2952 297 3008 iabnlas
315 2950 388 3018 illas,
414 2951 474 3006 sive
499 2951 534 3005 (le
556 2950 640 3004 rebus
665 2950 701 3004 ati
719 2948 831 3005 Thebas
854 2951 900 3005 vel
921 2957 987 3005 ante

113 3039 225 3093 Tmiam
243 3038 344 3106 gestis,
363 3037 424 3091 sire
443 3037 478 3090 tle
498 3035 661 3089 Alexandro
680 3036 790 3102 Magno,
809 3035 887 3090 nollo
902 3035 987 3090 modo

113 3126 154 3179 ita
172 3121 370 3178 transformare
389 3135 546 3191 possumus,
569 3125 601 3172 nt
626 3118 753 3174 funditus
776 3135 825 3173 ens
849 3126 988 3173 mutemus

113 3215 142 3266 et
161 3208 245 3278 plane
263 3207 300 3262 iis
318 3206 469 3275 eripiamus
488 3209 622 3272 naturam,
646 3217 719 3272 qnae
744 3203 900 3323 sitveemm
923 3219 986 3272 pro-
