2278 3760
93 384 178 448 atqua
196 393 330 436 summum
347 378 424 448 quod
440 379 519 436 Deus
545 379 598 436 hac
619 380 649 436 ln
666 384 742 436 terra
759 381 907 438 exercebit
923 382 969 438 iu-

93 462 204 518 dicium.
246 463 299 518 (lui
322 461 507 532 descriptioni
536 465 720 534 adiungamus
745 481 856 536 quoque
881 465 970 534 signa

94 549 233 620 quaedam
249 547 366 604 huiusce
385 549 521 620 temporis
532 565 549 604 a
561 549 696 604 Talmude
708 551 799 606 relata
814 549 967 617 (Sanhedr.

92 633 142 690 iol.
170 634 272 690 97-98
287 632 336 701 b).
388 632 443 688 Illa
469 634 543 690 enirn
569 639 672 704 aetate,
699 649 754 704 qua
779 635 901 692 MessIas
928 635 968 690 ad

91 719 222 776 mundum
240 717 415 776 liberandum
432 719 538 786 veniet,
555 718 625 774 suris
642 719 715 774 sacri
733 719 820 788 periti
835 719 967 787 deerunt,

92 805 122 860 iu
139 803 272 860 tribunali
290 809 375 872 atque
393 819 445 873 pro
466 801 610 860 subselliis
632 802 744 860 iustitia
766 803 969 872 exstinguetur

92 895 178 959 atque
205 887 331 944 facinora
353 885 426 942 mala
452 887 597 956 vigebunt,
621 887 702 958 pueri
723 889 907 945 inverecundi
934 893 969 942 et

91 971 226 1042 impudici
235 986 326 1040 senes,
339 987 445 1027 summo
457 969 563 1027 honore
575 970 686 1040 dignos,
701 971 809 1040 pudore
822 975 852 1026 et
861 972 966 1028 rubore

92 1056 226 1126 afficient,
243 1056 370 1112 homines
388 1055 553 1126 peritissimi
572 1053 727 1112 infantibus
745 1055 852 1125 ignaris
870 1071 965 1112 assur·

91 1146 169 1211 gent,
187 1140 247 1210 filia
264 1139 293 1194 in
310 1145 426 1194 matrem
443 1140 573 1196 intendet
595 1153 684 1208 aeque
703 1155 736 1194 ec
753 1139 829 1194 filius
847 1139 905 1196 vim
922 1139 966 1194 in.-

92 1225 172 1280 iiciet
190 1229 219 1280 et
236 1239 333 1280 manus
350 1224 434 1294 patrI,
452 1223 592 1294 talemque
611 1225 647 1280 ad
663 1224 787 1294 inopiam
798 1224 968 1294 redigentur

91 1317 193 1380 temne,
217 1316 302 1368 utne
320 1309 427 1379 piscem
447 1309 560 1378 quidem
583 1308 714 1378 habeant,
737 1321 820 1378 quem
843 1313 966 1377 aegroto

92 1394 256 1466 praebeant.

161 1480 295 1538 XLVIII.
321 1480 403 1538 Clare
425 1488 456 1538 et
476 1478 625 1551 perspicue
648 1479 724 1550 apud
741 1479 827 1534 Indos
850 1491 966 1548 qnoque

93 1564 129 1622 de
147 1565 252 1621 Massia
268 1570 300 1620 et
317 1571 471 1636 servatore,
489 1564 620 1620 mundum
637 1563 778 1632 qnondam
795 1579 813 1617 a
829 1562 912 1618 malis
931 1561 966 1616 li-

92 1649 233 1718 beraturo,
243 1650 340 1720 opinio
356 1657 386 1706 et
399 1667 465 1722 spes
475 1657 520 1708 cst
529 1654 683 1708 asservata.
703 1649 791 1716 Quam
801 1648 966 1719 opinionem

91 1733 121 1788 in
138 1733 274 1790 Buddhae
292 1735 420 1790 doctrina
437 1736 600 1806 repertum,
617 1737 666 1807 qui
685 1742 715 1793 et
727 1737 914 1807 Sakya-muni
933 1743 966 1792 et

92 1817 230 1874 Gautama
241 1822 366 1873 vocatur.
402 1819 473 1876 Eius
485 1820 613 1877 doctrIna
624 1821 774 1891 divulgata
786 1821 965 1890 octagesimo

91 1902 305 1970 aetatis-anno,
335 1902 458 1974 quinque
485 1905 544 1960 suis
571 1905 719 1975 discipulis
745 1905 965 1976 praenuntiasse

91 1985 202 2054 dicitur,
225 1985 380 2042 doctrinam
398 2005 475 2044 suam
487 2005 538 2060 per
550 1989 672 2058 quinque
685 1989 764 2044 milia
780 2005 915 2046 annorum
933 1990 966 2044 in

91 2069 158 2126 orbe
176 2075 310 2126 terrarum
333 2072 552 2143 perduraturum,
576 2080 635 2130 tum
657 2091 727 2132 vero
751 2075 870 2131 alterum
893 2091 963 2132 ven·

92 2159 184 2208 turum
201 2153 355 2233 Buddham,
373 2156 428 2214 sibi
447 2158 503 2227 ipsi
519 2159 628 2227 pietate
648 2161 840 2216 etclementia
857 2178 964 2232 parem,

91 2237 221 2294 mundum
244 2240 299 2308 qui·
322 2247 449 2298 necturus
476 2243 527 2312 sin
555 2245 761 2302 eodemmodo
784 2254 906 2316 quatuor
934 2255 966 2303 et

91 2324 240 2394 sexaginta
267 2325 352 2386 ctiam
375 2326 519 2397 Buddhas‚
552 2330 671 2386 totidem
701 2331 795 2386 mundi
819 2331 964 2389 aetatibus

90 2409 223 2480 peractis,
251 2416 427 2480 regnaturos,
453 2413 670 2482 universumque
698 2420 758 2470 tum
784 2416 881 2472 orbem
905 2423 963 2472 ter-

90 2509 182 2553 rarum
199 2495 369 2565 periturum
387 2497 489 2564 ouibus
506 2497 591 2552 factis
608 2514 711 2554 nomm
726 2514 817 2554 rerum
834 2500 964 2558 ordinem

91 2579 262 2634 exoriturum
272 2579 659 2652 (Noacklllythol.u.0ffenb.
669 2583 772 2650 latit
789 2585 963 2641 MantIonem

91 2663 177 2719 etiam
194 2663 240 2719 hic
257 2664 351 2722 facere
366 2667 448 2722 nobis
467 2666 553 2722 liceat
571 2667 713 2736 opinionis
732 2667 815 2723 illius·
828 2668 963 2724 Indorum

90 2749 126 2804 de
143 2748 243 2805 ultimo
262 2750 291 2804 iu
309 2757 398 2806 terras
410 2751 546 2808 Wischnu
563 2752 610 2807 dei
621 2752 723 2812 reditu,
759 2752 848 2818 Quem
860 2757 965 2822 putant

89 2832 157 2888 olim
173 2850 358 2904 reversurum,
377 2836 450 2892 coeli
468 2835 588 2894 nubibus
608 2837 759 2904 obtectum,
777 2837 813 2892 ad
829 2837 963 2894 mundum

90 2916 287 2988 castigandum
305 2925 335 2974 et
352 2919 565 2988 restituendum,
589 2920 618 2976 in
642 2920 707 2976 albo
728 2920 780 2976 illo
804 2935 886 2990 equo,
908 2923 963 2980 Ca·

89 3001 163 3058 leuci
181 3002 260 3058 cuius
278 3009 324 3058 est
340 3019 449 3070 nomen¹
474 3003 603 3074 albisque
621 3005 674 3060 alis
691 3005 823 3075 praedito
839 3013 965 3064 vectum»

88 3083 214 3155 gladium
243 3103 325 3142 manu
352 3093 496 3144 tenentem
523 3089 645 3158 igneum.
691 3089 865 3160 Simulatque
895 3093 964 3160 equi

86 3167 209 3244 cumulas
221 3170 463 3242 orbem-terrarum
473 3172 678 3241 quassaverint,
687 3173 805 3232 mundus
821 3176 964 3232 evertitur
