2278 3760
492 247 661 338 ..50¹-

138 437 246 507 haeum,
275 427 425 509 postquam
444 436 584 493 evaluerit
601 452 636 491 ex
654 433 830 505 gravissimis
848 431 1015 488 vulneribus

140 521 303 591 mortiferis,
330 540 348 579 a
373 523 504 592 cognatis
531 523 585 578 sibi
604 523 700 589 illatis,
727 535 833 576 summo
859 520 888 574 in
916 511 1014 574 monte

139 624 231 664 areem
249 607 411 663 condidisse
436 607 627 676 ultionemque
650 623 667 660 a
684 606 740 661 diis
758 605 887 675 petiisse.
925 603 1014 658 Cuius

140 693 272 764 precibus
295 691 433 762 impulsos
459 692 530 746 deos
556 691 698 756 ingentem
722 690 838 744 imbrem
865 689 893 743 iu
920 693 1014 743 terras

138 777 287 833 demisisse
298 794 333 832 ex
344 776 432 844 coelo,
451 783 483 831 ut
495 777 584 831 omnis
597 777 674 832 orbis
683 783 819 831 terrarum
828 775 1015 830 inundaretur

139 863 289 933 cunctique
313 861 440 931 perirent
467 859 602 915 homiues.
645 861 678 938 lu
704 859 796 916 insula
819 857 910 915 Whiti
937 858 1014 913 sarna

139 952 270 1016 vagatur,
300 945 442 1000 Rooavam
471 944 554 1016 deum
580 943 688 1000 fabrtlm
715 943 898 1014 praelectum,
928 957 1014 1010 quum

139 1030 278 1085 diluvium
307 1029 470 1098 ingruisset,
499 1045 555 1083 una
583 1045 644 1084 eum
673 1027 776 1083 comite
806 1043 865 1095 suo,
896 1025 1013 1094 Rooola,

139 1115 290 1170 advenisse
314 1106 399 1183 atque
423 1113 531 1168 duabrrs
554 1113 582 1166 in
600 1111 712 1182 seaplris
731 1119 796 1167 octo
814 1127 944 1167 servasse
963 1109 1013 1164 ho·

139 1199 229 1254 mines
258 1203 288 1253 et
320 1213 382 1252 eum
412 1197 447 1252 iis
474 1197 510 1250 ad
535 1197 682 1265 llbengam
710 1196 829 1252 insulam
855 1194 1011 1266 appulisse.

142 1283 288 1342 Diluvium
313 1299 382 1338 vero
405 1281 549 1336 nominant
573 1276 770 1338 Vailavulavu.
810 1281 910 1350 Itaque
929 1279 1013 1336 novis

139 1369 169 1424 in
187 1365 330 1432 llebridis,
348 1365 482 1434 indigena
500 1365 620 1433 quodam
639 1365 788 1420 Aueiteusi
808 1371 892 1432 teste,
914 1362 1012 1418 sabula

98 1515 101 1518 ,
140 1455 178 1509 de
202 1452 311 1508 diluvio
335 1467 399 1507 esse
425 1451 537 1519 dieitur,
565 1466 637 1520 quae
664 1451 748 1519 plane
775 1451 876 1506 similis
903 1449 943 1504 sit
968 1450 1013 1514 iis,

139 1555 211 1609 quae
229 1536 282 1591 hae
300 1537 336 1591 de
355 1552 385 1590 re
404 1535 522 1590 tradidit
541 1533 631 1588 Vetus
650 1533 869 1589 Testamentum.

207 1622 302 1678 XXX.
339 1620 416 1692 Quae
435 1619 470 1673 de
489 1617 598 1673 diluvio
616 1624 762 1673 enarratae
775 1625 860 1688 atque
879 1619 925 1672 lrio
944 1619 1012 1674 alla-

140 1714 187 1762 tae
201 1707 377 1762 diversorum
388 1703 556 1774 populomur
568 1701 680 1756 fabulae
693 1703 836 1758 sufficiant
850 1704 886 1758 ad
898 1703 1011 1758 demon-

139 1793 291 1860 strandum,
310 1807 392 1861 quam
411 1791 495 1857 longe
509 1793 629 1856 vagatae
642 1788 700 1842 sint
711 1803 762 1857 per
775 1795 903 1842 canotum
915 1789 1012 1843 orbem

141 1885 277 1932 terrarum
295 1875 408 1931 fabulae
427 1873 502 1940 illae,
530 1878 718 1942 quantamque
742 1871 864 1928 habeant
882 1873 1012 1927 similitu·

139 1965 234 2019 dinem
263 1979 324 2018 eum
360 1960 498 2015 relatione
530 1958 662 2026 Mosaios,
698 1959 826 2028 quamvis
861 1959 1014 2014 nonnullae

140 2065 235 2104 earum
252 2047 335 2117 plane
354 2063 410 2100 nou
428 2045 615 2100 consentiant.
646 2045 699 2098 Est
711 2050 805 2099 auteur
817 2043 1011 2100 salsa‘eoniee-

139 2142 204 2190 tura
229 2131 273 2186 his
301 2148 335 2186 ex
360 2129 464 2184 sabulis
488 2129 580 2195 dueta,
607 2127 736 2183 diversas
763 2127 874 2184 humani
898 2130 1012 2197 generis

139 2226 242 2288 gentes
259 2218 314 2272 ianr
335 2214 489 2286 primordio
513 2229 604 2267 rerum
626 2213 783 2269 disiunctas
807 2219 892 2284 atque
915 2231 1010 2284 segre-

140 2311 224 2375 gatas
237 2302 334 2370 luisse,
353 2301 449 2356 lrarurn
463 2304 556 2354 auteur
569 2299 604 2352 de
616 2298 845 2354 inundationibus
856 2299 1011 2355 fabularum

142 2390 207 2443 ideo
236 2387 340 2442 habere
372 2401 421 2439 eas
450 2383 650 2451 cognitionem,
682 2383 749 2453 quia
778 2383 914 2438 diluvium
941 2384 1011 2439 illud

140 2481 230 2530 totum
249 2488 302 2542 per
322 2470 418 2524 orbern
441 2475 577 2522 terrarum
599 2467 731 2522 diffusum
754 2467 853 2522 suerit:
883 2485 955 2537 uam,
983 2468 1011 2522 id

140 2561 164 2614 si
183 2557 326 2624 acciderit,
345 2555 519 2610 diversorum
538 2551 705 2621 populorum
724 2552 759 2606 do
772 2552 881 2608 diluvio
898 2554 1010 2609 fabulae

142 2651 199 2699 tam
218 2641 321 2698 similia
339 2641 413 2695 iuter
431 2655 462 2695 se
481 2639 563 2708 sigua
580 2654 635 2692 uon
659 2636 802 2705 haberent,
829 2654 901 2708 quae
925 2639 1010 2694 mani·

140 2729 216 2783 sesto
243 2730 394 2792 testantur,
424 2739 472 2779 eas
499 2739 596 2778 ornnes
622 2739 678 2778 uuo
705 2739 739 2777 ex
767 2721 846 2778 fonte
873 2741 1009 2779 manasse.

141 2813 232 2870 Nobis
241 2812 338 2881 potius
352 2809 472 2878 videtur,
485 2808 633 2864 humanum
649 2823 747 2876 genus,
760 2809 835 2878 quod
848 2825 882 2863 ex
896 2808 1011 2864 Noaolro
1049 2828 1051 2838 ,

141 2897 192 2952 illo
215 2913 316 2954 novam
341 2896 455 2950 duxerit
478 2895 615 2964 originem
643 2894 739 2964 itaque
766 2893 875 2949 diluvio
899 2911 1011 2964 quoque

141 2981 311 3048 interfuerit,
342 2980 464 3036 fabulam
492 2997 604 3052 quoque
638 2981 673 3035 de
703 2979 773 3034 ruiro
802 2979 853 3035 illo
880 2980 957 3034 laeto
983 2979 1010 3032 iu

140 3068 274 3123 memoria
297 3067 456 3135 retinuisse,
484 3083 600 3136 earnque
627 3065 758 3133 fabulam,
786 3081 858 3135 quae
884 3065 1011 3135 posthae,

140 3170 224 3224 quum
242 3151 443 3221 migravissent
461 3149 588 3205 homines
600 3167 652 3220 per
663 3150 791 3206 diversas
805 3157 904 3218 terras,
922 3157 1010 3205 traus-

216 3247 260 3294 ntu
278 3236 365 3294 luerit
383 3236 569 3305 diversosque
591 3237 705 3292 duxerit
728 3235 839 3292 oolores
862 3252 897 3290 ex
916 3237 1010 3305 singu·
