2278 3760
484 233 585 326 ..¹⁴16
620 261 653 275 ..

133 403 169 446 ne
183 384 239 446 tte
256 386 354 445 mirum
379 387 517 446 eiusmodi
540 390 698 460 exemplum
719 385 859 461 omittam,
883 384 1009 450 fabulam

133 477 271 546 qrraudam
289 475 412 530 afferam.

201 561 283 618 VIII.
297 561 403 630 Negari
411 577 467 616 uon
476 565 582 631 potest,
592 559 702 617 fabulas
712 559 776 617 illas
789 563 825 618 de
836 561 920 618 Sicca
932 563 1009 634 apud

133 647 219 702 ludos
229 651 306 718 ortas
315 651 400 716 atque
412 645 448 700 de
459 661 543 700 versu
556 645 755 702 hexametroin
765 647 881 704 Graccis
891 649 1009 704 easdem

133 729 1008 803 essequamquamutrumqueapudpopulumsuasquaequeha-
1039 767 1044 784 .

132 817 612 886 beanttormaseasqueccntrarias.
632 817 859 886 Nymphaeeuim
867 818 1007 889 Apollini,

133 919 280 972 quaecum
294 919 386 958 areum
397 902 426 956 in
435 901 593 973 Pythonem
608 901 757 958 draconem
766 904 938 973 intenderet,
948 906 1006 974 pri-

131 1007 205 1044 muru
215 989 380 1058 excitantes,
397 987 622 1043 acclamaverunt
641 1004 753 1043 versum
768 987 911 1045 heroicum
930 990 1005 1055 (vid.
1115 996 1120 1006 “

132 1075 269 1145 Apollod.
279 1075 328 1131 lib.
342 1075 380 1128 II.
394 1093 421 1130 v.
429 1073 488 1130 714.
502 1071 537 1127 cf.
547 1071 817 1145 Callimach.Hymn.
830 1074 860 1128 in
868 1075 964 1144 Apoll.
977 1093 1006 1131 v.

132 1159 183 1214 104
192 1160 239 1229 qui
251 1175 307 1214 non
320 1158 474 1228 Corycidas
483 1157 620 1227 nymphas
633 1159 684 1214 scd
693 1161 822 1232 Delphos
833 1159 872 1228 ἰἠ
884 1160 921 1228 'ai
935 1161 1007 1216 iilud

132 1253 236 1312 πωῆον
264 1249 302 1300 tra
333 1243 416 1314 βέλος
441 1242 578 1297 cecinisse
608 1243 694 1312 dicit)
735 1246 888 1318 afflatuque
925 1253 1007 1301 erant

131 1330 278 1400 praeditae
297 1345 379 1398 quam
397 1327 516 1382 eremita
532 1326 582 1383 iile
600 1331 714 1401 sapiens
727 1334 858 1389 Indorum
877 1335 925 1404 qui
944 1349 1006 1389 cum

132 1417 244 1472 ardeam
254 1412 843 1489 subitotclointerfectamvideretjeiuequc
853 1417 1007 1474 eiulantem

133 1501 244 1556 audiret
253 1500 384 1556 feminam
394 1503 558 1555 venatorem
571 1505 690 1566 quatuor
701 1503 822 1571 pedibus
840 1503 1007 1573 aequalibus

132 1587 259 1644 devovit.
296 1586 416 1652 Quarum
434 1584 599 1652 fabularum,
623 1599 789 1655 quamquam
808 1587 938 1644 diversus
961 1594 1007 1643 est

133 1671 218 1740 color,
236 1677 330 1726 tamen
348 1687 403 1725 uno
421 1686 456 1724 cx
474 1669 554 1724 fonte
577 1669 693 1726 formam
714 1673 886 1742 primitivam
906 1678 1006 1740 ortam,

132 1773 214 1812 nemo
231 1757 315 1812 facilc
334 1757 397 1825 erit,
415 1757 463 1826 qui
480 1760 576 1825 neget.
613 1755 720 1810 Eodem
735 1759 819 1813 modo
837 1759 913 1827 quod
931 1759 1007 1829 apud

132 1843 245 1898 Faunos
262 1843 390 1897 funditus
408 1840 632 1896 transformatam
655 1843 810 1912 reperimus
828 1842 951 1900 fabulam
970 1843 1007 1898 de

133 1928 202 1982 turri
223 1927 405 1998 Babylonica,
431 1927 467 1980 de
492 1941 546 1994 qua
570 1925 644 1995 apud
667 1926 748 1982 alios'
767 1933 797 1982 ct
823 1926 883 1983 sere
910 1943 1008 1983 omncs

132 2011 255 2081 populos
273 2011 397 2066 narratio
417 2010 515 2066 eadem
532 2010 644 2079 mansit,
663 2011 773 2080 qualer'n
791 2013 873 2069 nobis
892 2013 1009 2068 tradunt

133 2097 234 2152 literae
252 2113 356 2166 sacrae,
378 2113 435 2151 non
452 2096 621 2151 mirabimur.
666 2095 764 2168 Atqui,
788 2099 915 2168 quamvis
934 2099 1008 2153 alius

133 2183 172 2239 sit
189 2183 267 2238 color
285 2189 315 2238 et
332 2182 544 2240 formafabulae
562 2181 639 2238 illius
650 2183 725 2254 apud
737 2183 848 2238 Fennos
865 2188 1007 2252 repertae,

133 2266 1007 2338 nondubitandumtamenestquinfundamentasormaeprimi·

133 2350 824 2424 tivaeservata‘sintatquefaciIeagnoseipossint.
856 2353 1007 2409 Waeinae-

133 2441 279 2509 nonnum,
288 2440 407 2510 primum
417 2436 830 2508 homiuemquercumposuisse
839 2437 1008 2507 accepImu,

134 2541 195 2579 eam
212 2537 281 2580 vero
299 2523 340 2579 sic
357 2522 555 2592 degenerasse,
573 2528 606 2578 ut
623 2523 714 2594 ipsum
732 2523 841 2578 coelum
852 2523 1008 2592 attingens,

133 2608 222 2663 nubes
245 2607 329 2662 ramis
351 2607 410 2662 suis
433 2606 594 2662 substiterit
614 2613 645 2664 et
665 2607 757 2662 lunam
782 2612 813 2662 et
835 2607 923 2664 solem
949 2624 1007 2662 om·
1056 2669 1060 2673 ,

133 2694 215 2750 nibus
255 2708 317 2747 cum
357 2693 441 2748 astris
477 2706 571 2748 secum
605 2691 739 2762 rapuerit.
806 2693 877 2747 Tum
917 2697 1008 2747 atram

133 2784 244 2834 noctem
272 2777 302 2830 in
324 2777 456 2832 muudum
485 2775 657 2846 incubuisse,¹
688 2781 721 2831 ut
755 2775 898 2833 instabilis
929 2782 1008 2832 esset

133 2870 217 2932 terra,
241 2861 373 2917 innabilis
399 2862 486 2932 unda,
513 2863 904 2933 nequedwaeinacmceinum
926 2867 1009 2916 tanta

134 2954 263 3006 avertere
294 2947 423 3018 potuisse
451 2947 534 3003 maia.
580 2947 708 3016 Denique
738 2946 934 3002 homunculum
960 2961 1007 3001 cu-

133 3035 243 3105 prinum
261 3050 296 3088 ex
321 3033 404 3090 undis
422 3033 557 3104 prodiise,
581 3033 629 3102 qui
650 3037 767 3088 conatus
785 3032 824 3088 sit
844 3029 919 3086 humi
941 3048 1007 3101 pro·

133 3125 259 3176 sternere
278 3117 421 3189 ingentem
439 3117 516 3172 iliam
534 3118 661 3174 arborem
680 3121 710 3172 et
729 3114 864 3184 „Endiich
880 3115 1007 3171 -nobis

133 3208 254 3266 traditur
264 3204 421 3276 (Kalewala
432 3206 526 3262 tibers.
540 3219 568 3260 v.
583 3202 619 3256 A.
631 3200 779 3256 Schiefncr
791 3199 871 3256 Rune
884 3201 922 3254 11.
934 3201 1009 3272 183.)
