2278 3760
472 231 642 286 ..40-

123 387 202 443 verbi
231 385 367 453 Sothidis,
397 405 453 457 que
480 387 645 455 cognomine
675 387 827 457 apellatum
857 387 895 443 sit
926 387 996 442 Sirii

123 491 232 542 numen,
261 474 392 544 quodque
417 479 521 528 astrum
541 473 677 544 Aegypto
701 473 758 528 Nili
783 472 994 528 inundationem

122 560 373 630 praenuntiaverit.
388 559 469 626 Qurod
479 558 591 628 quidem
604 557 714 626 signum
727 557 773 612 liic
785 558 813 613 in
822 557 994 614 Sesostridls

123 645 213 700 iorma
239 652 284 702 est
310 641 483 717 expressum,
513 645 590 714 regis
619 644 696 699 illius
714 641 836 698 fabulosi
848 641 882 708 *),
909 653 994 709 quem

125 729 181 784 Nili
200 729 315 786 canales
333 731 361 785 in
380 731 516 800 Aegypto
534 727 689 798 perfecisse
708 726 874 796 accepimus,
897 725 996 793 itaque

123 813 329 882 inundationes,
339 830 411 884 quae
420 814 859 882 fuerintquctannis‚maturasse.
875 810 997 866 Moeridi

124 902 217 954 autem
241 897 314 954 lacui
339 905 369 955 et
393 899 513 968 Sodridi,
538 899 638 956 fluctus
662 905 693 954 et
716 915 815 968 aquam
838 897 998 968 praebenti,

127 981 279 1052 Aegyptus
298 984 412 1039 vivendi
431 985 594 1041 facultatem
614 984 764 1052 referebat,
783 999 900 1054 quorum
912 983 997 1051 signa

124 1066 196 1121 duos
219 1081 303 1136 reges
326 1067 413 1124 inisse
432 1069 704 1137 sibi'succedentes,
732 1069 780 1138 qui
802 1074 832 1124 et
850 1068 939 1122 lacum
966 1073 999 1121 et

125 1151 324 1207 inundationes
355 1151 518 1222 effecerunt,
548 1154 667 1211 historia
696 1155 861 1211 declaravit.
907 1153 999 1219 Quum

125 1251 195 1291 vero
214 1234 304 1292 Sirius
322 1241 383 1291 tota
395 1253 506 1308 quoque
525 1239 553 1294 in
567 1241 638 1296 Asia
650 1239 857 1296 vehementium
869 1237 999 1293 imbrium

126 1327 157 1376 et
166 1321 377 1378 inundationum
395 1323 678 1380 nuntius'haberetur
694 1331 724 1380 et
742 1325 891 1392 coleretur,
909 1322 997 1377 mani·

127 1407 230 1464 i'esium
249 1424 313 1464 este
332 1415 361 1464 et
379 1411 557 1480 perspicuum
570 1410 661 1466 credit
672 1411 868 1477 Buttmannus‚
887 1409 1000 1478 signum

128 1492 198 1548 illud
216 1492 282 1548 sini
301 1493 431 1564 idemque
449 1496 538 1552 fuisse
556 1495 667 1564 signum
685 1494 806 1549 omnium
824 1492 951 1548 imbrium
969 1497 1004 1547 et'

128 1578 350 1648 inundationum,
370 1579 496 1650 inprimis
515 1597 583 1636 vero
602 1596 634 1636 ac
645 1579 797 1650 praecipue
810 1576 887 1636 iilius
898 1576 1001 1631 diluvii

128 1662 234 1720 fabulis
260 1663 343 1720 nobis
369 1665 483 1720 narrati.
538 1665 616 1731 Quae
647 1664 760 1735 quidem
786 1663 929 1718 sententia
955 1667 1003 1716 est

128 1749 291 1804 Buttmanni
309 1749 346 1804 de
359 1750 567 1821 Aegyptiorum
584 1750 720 1806 diluvium
736 1751 883 1803 enarrante
895 1745 1001 1802 sabula.

132 1833 247 1904 „Neque
275 1849 330 1904 ego
357 1834 398 1888 illi
426 1834 574 1890 detrahere
602 1834 699 1902 ausim,
725 1832 886 1888 haerentem
913 1831 1003 1902 capiti

129 1918 219 1973 multa
238 1935 306 1973 *cum
330 1918 413 1976 laude
435 1921 590 1988 coronam“‚
615 1925 707 1976 tamen
731 1918 939 1989 Aegyptiorum
961 1916 1002 1971 fa-

130 2003 223 2058 bulam
241 2004 278 2058 de
295 2003 405 2060 diluvio
423 2004 623 2075 simpliciorem
642 2005 669 2059 in
687 2005 798 2061 modum
811 2010 842 2060 et
856 2001 1004 2058 clariorem

130 2104 175 2144 me
194 2087 337 2144 invenisse
355 2094 434 2159 puto.
941 2097 944 2104 '

200 2173 308 2228 XXIV.
322 2174 424 2232 Narrat
436 2175 509 2248 eninm
522 2175 603 2231 nobis
614 2175 777 2231 Herodotus
787 2174 859 2242 (Lib.
870 2173 909 2226 ll.
923 2173 1004 2240 156),

132 2274 163 2314 se
191 2257 298 2314 m'disse
325 2259 353 2316 in
375 2259 512 2332 Aegypto
540 2259 658 2316 insulam
683 2265 836 2327 natantem,
864 2257 1005 2313 Chemmis

132 2359 207 2414 quac
225 2343 312 2400 firerit
330 2345 482 2416 appellate.
527 2345 624 2417 Λόγον
642 2348 675 2402 ‹ti
692 2345 785 2411 τόνδε,
809 2344 906 2414 pergit
923 2348 1006 2398 autor

132 2426 190 2495 ille,
209 2430 385 2499 ἐπιλέγοντες
398 2434 426 2484 al
437 2429 589 2500 Αἰγύπτιαι
607 2432 677 2503 φασὶ
690 2431 766 2486 εἶναι
783 2426 870 2495 αδτῆν
882 2425 975 2493 πλωτή
979 2448 1003 2481 ν.

134 2509 171 2574 οἷς
188 2514 220 2568 ἓν
237 2520 271 2589 τῇ
284 2513 357 2586 νήσῳ
376 2512 460 2589 ταύτῃ
479 2514 531 2569 οὔκ
548 2511 631 2585 {adep
645 2512 785 2590 πρότερον
804 2515 898 2588 πλωτῇ
913 2509 1005 2580 Λητώ,

134 2600 219 2654 ἰοῦσα
230 2606 287 2654 τῶν
298 2598 372 2654 darei
385 2607 464 2656 θεῶν
476 2606 533 2656 τῶν
545 2599 667 2677 πρώτων
678 2606 855 2670 γενομένων,
874 2602 1006 2654 οἰκέουσα

135 2679 167 2740 δλ
179 2686 212 2740 ἓν
224 2689 327 2740 Bassai
336 2682 403 2739 πόλι
421 2687 469 2739 λ’να
487 2683 521 2752 dri
535 2689 563 2739 al
579 2683 630 2740 τόν
645 2683 821 2761 χρηστήριον
838 2683 917 2740 τοῦτο’
937 2685 1005 2751 ἐστι,

126 2767 285 2824 Ἀπόλλωνα
292 2767 369 2844 παρὰ
375 2767 459 2830 Ἴσιος
472 2768 877 2845 παρακαταθήκηνδεξαμὲνη,
889 2771 1005 2823 διέσωσε

136 2851 343 2928 κατακρύψασα
360 2855 392 2908 ἐν
409 2859 441 2928 τῇ
466 2861 518 2910 νῦν
536 2857 631 2930 πλωτῇ
650 2857 788 2927 λεγομένῃ
808 2852 883 2926 νήσῳ
905 2852 949 2908 ὅτε
974 2851 1004 2908 rd

135 2945 192 2994 πᾶν
211 2937 358 3007 διζήμενος
385 2936 401 2994 d
431 2938 536 3013 Trispeda
554 2943 668 3009 ῐπῆλθε,
694 2942 789 2995 θέλων
810 2943 937 3014 ἐξενρεῒν
954 2946 1003 2994 τοῦ

159 3129 186 3196 *i
204 3131 235 3180 ei.
252 3133 281 3182 P.
295 3148 319 3182 v.
337 3133 440 3193 Bchlan,
459 3135 502 3181 das
521 3135 570 3182 alta
589 3134 677 3182 ludlan
695 3135 740 3182 mit
756 3135 905 3193 besonderer
923 3132 1004 3192 lidek-

206 3201 269 3258 siciri
286 3200 329 3258 aul
345 3201 483 3273 Aegypton.
520 3201 589 3261 Tam,
609 3202 628 3250 1.
647 3215 671 3275 p.
693 3204 754 3263 121,
