2278 3760
474 269 644 326 ..78-

127 421 258 476 llauitilii
268 437 285 477 a
295 433 446 478 matresua
456 428 539 493 partu
552 423 658 478 edituum
668 438 731 479 esse
743 423 910 494 implicitum
923 423 1000 480 cirro

126 506 223 576 itaque
241 507 270 561 in
284 523 360 562 mare
378 509 543 578 proiectum.
580 507 636 563 Sed
649 507 714 576 alga
726 513 899 579 receptuma
916 509 999 579 pisce

125 591 245 661 posthae
258 607 321 648 esse
334 593 509 649 devoratum.
546 593 634 659 Quem
646 607 730 663 quum
741 595 833 649 undae
847 593 999 649 alluissent

126 677 162 732 ad
180 677 256 746 litus,
273 677 322 734 ubi
346 684 376 732 et
392 691 504 734 muscae
523 683 553 732 et
575 693 643 733 aves
667 679 767 734 rostris
791 680 945 735 tunderent
967 684 999 734 et

125 763 306 817 comederant
326 763 432 832 piscem
456 761 542 830 illum,
569 763 908 834 Tama-nui·lri-te·llangi
932 779 998 819 eum

126 863 161 902 ex
187 847 275 917 piscis
302 854 401 902 ventre
431 848 560 902 exsecuit
589 853 619 903 et
648 863 742 904 aecum
770 855 887 918 portans
916 855 997 904 tecto

125 932 273 1002 suspendit
286 939 370 1003 atquc
388 933 464 1002 ignis
482 932 582 987 ardore
596 932 692 988 vivum
704 935 858 989 revocavit
869 935 898 988 in
916 939 997 989 artus

125 1018 186 1074 eius
196 1017 308 1087 gelidos
321 1017 450 1072 calorem.
464 1017 573 1087 ,ltaque
585 1015 713 1073 videmus
726 1017 857 1073 Manitlki
869 1025 997 1088 matrem,

124 1101 211 1156 filium
223 1119 307 1172 quum
320 1107 484 1172 exponeret,
501 1101 579 1156 nulla
596 1101 652 1156 alia
668 1117 698 1158 ra
714 1119 792 1158 usam
810 1103 899 1159 fuisse
911 1120 996 1173 quarn

124 1187 236 1258 capillo,
263 1188 391 1257 quamvis
407 1187 451 1241 illi
469 1190 547 1242 certo
565 1203 621 1242 non
638 1187 773 1243 deessent
790 1189 863 1243 aliae
881 1205 996 1258 quoque

123 1288 177 1341 res,
194 1277 227 1328 ut
244 1272 367 1341 frondes,
385 1287 490 1327 cannae
509 1277 558 1327 aut
574 1271 674 1342 pelles,
697 1277 730 1327 ut
751 1270 796 1328 his
819 1287 882 1328 eum
900 1273 994 1343 impli-

123 1363 208 1426 caret,
238 1358 314 1427 quod
336 1357 432 1413 nescio
460 1373 495 1412 an
520 1363 673 1428 propterea
699 1357 740 1412 ita
766 1363 856 1412 mater
881 1357 994 1425 fecerit,

123 1443 196 1512 quia,
217 1448 250 1496 ut
267 1443 376 1512 opinor,
398 1441 563 1511 capillorum
586 1441 756 1514 singularem
779 1441 857 1496 illam
880 1447 910 1497 et
933 1441 995 1496 exi-

123 1528 205 1581 miam
235 1525 292 1582 vim
319 1525 457 1582 Australii
482 1527 567 1581 etiam
595 1526 669 1581 haud
696 1525 866 1596 ignorarent,
892 1527 994 1596 itaque

122 1619 212 1667 mater
228 1612 316 1666 lilium
334 1612 386 1667 sub
403 1610 457 1667 hoc
474 1611 558 1666 modo
579 1612 725 1667 involucro
748 1617 779 1667 et
795 1613 994 1682 integumento

122 1704 213 1753 tutum
232 1703 317 1768 atque
336 1703 478 1753 servatum
496 1711 560 1752 esse
578 1702 702 1766 putaret.
739 1697 772 1750 ln
792 1696 879 1752 tertia
895 1695 994 1752 fabula

122 1783 347 1853 peregrinatoria
364 1781 506 1848 (Schirrcn
523 1799 551 1851 p.
562 1781 616 1850 22.)
634 1797 719 1851 porro
737 1782 865 1849 traditur,
880 1781 993 1836 Mancia

122 1869 228 1925 bellum
246 1867 376 1922 intulisse
394 1867 443 1936 pio
461 1865 503 1920 illi
522 1866 658 1935 Ngatoro,
680 1867 728 1936 qui
747 1865 852 1921 munita
875 1865 903 1920 in
927 1880 992 1920 aree

123 1971 182 2021 sua,
212 1953 306 2008 lllotiti
326 1952 390 2020 sita,
416 1950 570 2019 habitabat,
597 1951 731 2021 impetum
758 1965 835 2020 vero,
861 1949 908 2004 die
935 1950 992 2004 iam

122 2043 348 2108 vesperascente,
373 2036 402 2090 in
420 2036 570 2094 crastinum
588 2035 743 2092 distulisse.
785 2035 879 2090 Noctu
897 2041 992 2089 autern

122 2123 265 2192 Ngatorus
282 2139 338 2176 una
355 2137 417 2175 cuin
441 2135 528 2175 uxore
549 2121 618 2176 deos
640 2120 803 2189 imploravit
825 2125 911 2190 atque
933 2125 991 2173 tam

121 2207 210 2263 multa
219 2207 374 2263 incantavit
387 2206 516 2274 carmina,
528 2211 560 2260 ut
571 2204 666 2275 paullo
679 2211 746 2275 post
757 2221 858 2274 magna
870 2205 993 2259 oriretur

121 2293 255 2362 procella,
273 2307 328 2362 qua
345 2291 455 2346 Manaia
472 2291 600 2346 omnibus
618 2307 679 2344 cum
698 2291 765 2358 suis,
786 2289 860 2346 ludis
878 2295 909 2344 et
927 2305 992 2344 can-

122 2378 198 2432 tibus
208 2377 255 2446 qni
268 2381 347 2432 erant
358 2375 436 2444 lessi,
449 2375 543 2446 periit.
580 2375 638 2429 Sed
650 2375 792 2444 Ngatorus
808 2379 867 2428 tum
876 2373 991 2444 quidem

122 2469 252 2518 servatus
269 2462 359 2531 prima
371 2461 433 2516 luce
453 2478 488 2516 ex
507 2477 570 2516 arce
589 2477 640 2515 sua
656 2459 766 2530 prodiit
782 2460 851 2514 litus
868 2458 990 2526 visurus,

121 2547 170 2602 ubi
197 2545 267 2602 nihil
291 2547 368 2601 aliud
390 2546 507 2614 invenit,
534 2561 616 2616 quarn
639 2545 762 2601 hostiurn
784 2561 897 2600 suorum
925 2559 991 2599 ossa

122 2637 207 2702 atqua
230 2647 339 2702 ungues
364 2647 379 2686 e
403 2631 524 2701 pedibus
548 2636 578 2685 et
603 2630 730 2685 manibus
755 2630 899 2703 reliquos,
926 2643 990 2683 nam

121 2723 216 2772 cetera
232 2715 327 2786 pisces
343 2718 557 2772 devoraverant.
596 2715 657 2781 Qua
671 2715 700 2769 in
713 2715 851 2770 relatione
869 2713 992 2784 mystica

121 2801 172 2856 illa
187 2801 323 2870 unguium
346 2803 391 2857 vis
413 2801 573 2871 significata
595 2801 677 2856 nobis
700 2800 821 2868 videtur,
845 2799 920 2868 quia,
944 2796 990 2852 hic

121 2886 146 2941 ai
170 2901 205 2940 ea
227 2886 311 2942 modo
334 2887 477 2941 nominata
495 2891 599 2954 essent,
622 2885 668 2940 edi
692 2899 765 2955 quae
787 2901 843 2940 non
860 2888 990 2953 possunt,

121 2971 232 3041 corpori
249 2969 368 3026 humano
390 2969 463 3024 aliae
481 2983 593 3039 quoque
604 2973 711 3038 partes
738 2969 841 3037 insunt,
863 2967 991 3038 piscibus

120 3071 176 3112 non
194 3061 277 3126 aptae
296 3056 331 3110 ad
348 3054 527 3111 vescendum.

188 3140 292 3196 XLVI.
316 3139 464 3194 Hominem
482 3153 559 3207 vero,
582 3138 720 3209 siqnidem
744 3153 806 3194 cunr
829 3138 913 3195 rebus
934 3138 989 3195 sibi

120 3225 249 3282 adversis
266 3222 433 3290 conflixerit,
450 3237 506 3276 non
524 3238 636 3292 semper
650 3223 787 3280 victorem
798 3223 947 3279 discedere
960 3231 991 3279 et
